<record><header><identifier>oai:alma.41SLSP_UGE:991000776689705502</identifier><datestamp>2023-04-06T00:09:25Z</datestamp><setSpec>uge_bcen_RapidILL_BOOK</setSpec><setSpec>uge_aaca_RapidILL_BOOK</setSpec><setSpec>uge_abels_RapidILL_BOOK</setSpec><setSpec>uge_dbu_RapidILL_BOOK</setSpec><setSpec>uge_cmu_RapidILL_BOOK</setSpec><setSpec>uge_mail_RapidILL_BOOK</setSpec><setSpec>uge_abbat_RapidILL_BOOK</setSpec><setSpec>UNIGE_ALL</setSpec><setSpec>uge_aobs_RapidILL_BOOK</setSpec><setSpec>uge_acar_RapidILL_BOOK</setSpec></header><metadata>
<record xmlns="http://www.loc.gov/MARC21/slim" xmlns:xsi="http://www.w3.org/2001/XMLSchema-instance" xsi:schemaLocation="http://www.loc.gov/MARC21/slim http://www.loc.gov/standards/marcxml/schema/MARC21slim.xsd"><leader>04421nam a2200829 c 4500</leader><controlfield tag="001">991000776689705502</controlfield><controlfield tag="005">20230405193134.0</controlfield><controlfield tag="008">201011s2012    fr ||||| |||| 10| ||fre d</controlfield><datafield ind1=" " ind2=" " tag="020"><subfield code="a">9782869582392</subfield><subfield code="q">EFA</subfield><subfield code="c">35 EUR</subfield></datafield><datafield ind1=" " ind2=" " tag="020"><subfield code="a">9782356130457</subfield><subfield code="q">Ausonius</subfield></datafield><datafield ind1=" " ind2=" " tag="020"><subfield code="a">2356130454</subfield></datafield><datafield ind1=" " ind2=" " tag="020"><subfield code="a">2869582390</subfield></datafield><datafield ind1=" " ind2=" " tag="035"><subfield code="a">(swissbib)232097895-41slsp_network</subfield></datafield><datafield ind1=" " ind2=" " tag="035"><subfield code="a">232097895</subfield><subfield code="9">ExL</subfield></datafield><datafield ind1=" " ind2=" " tag="035"><subfield code="a">(RERO)R007212070-41slsp</subfield></datafield><datafield ind1=" " ind2=" " tag="035"><subfield code="a">(IDSBB)006048610DSV01</subfield></datafield><datafield ind1=" " ind2=" " tag="035"><subfield code="a">(NEBIS)007623323EBI01</subfield></datafield><datafield ind1=" " ind2=" " tag="035"><subfield code="a">(OCoLC)819626851</subfield></datafield><datafield ind1=" " ind2=" " tag="035"><subfield code="a">(OCoLC)823237753</subfield></datafield><datafield ind1=" " ind2=" " tag="035"><subfield code="a">(EXLNZ-41SLSP_NETWORK)991116744459705501</subfield></datafield><datafield ind1=" " ind2=" " tag="040"><subfield code="a">FRBNF</subfield><subfield code="d">CH-ZuSLS</subfield></datafield><datafield ind1="0" ind2=" " tag="041"><subfield code="a">fre</subfield><subfield code="a">eng</subfield><subfield code="a">gre</subfield><subfield code="a">ita</subfield></datafield><datafield ind1=" " ind2=" " tag="050"><subfield code="a">DF</subfield></datafield><datafield ind1=" " ind2="7" tag="072"><subfield code="a">ha</subfield><subfield code="2">rero</subfield></datafield><datafield ind1=" " ind2="7" tag="072"><subfield code="a">ag</subfield><subfield code="2">SzZuIDS BS/BE</subfield></datafield><datafield ind1=" " ind2="7" tag="072"><subfield code="a">ar</subfield><subfield code="2">SzZuIDS BS/BE</subfield></datafield><datafield ind1="1" ind2=" " tag="080"><subfield code="a">931:33</subfield></datafield><datafield ind1="0" ind2="0" tag="082"><subfield code="a">381.093</subfield></datafield><datafield ind1="0" ind2="4" tag="082"><subfield code="a">330.09</subfield><subfield code="2">22/ger</subfield></datafield><datafield ind1="0" ind2="4" tag="082"><subfield code="a">938</subfield></datafield><datafield ind1="0" ind2="4" tag="082"><subfield code="a">381.109 01</subfield></datafield><datafield ind1="1" ind2="4" tag="082"><subfield code="a">381.093</subfield><subfield code="2">22</subfield></datafield><datafield ind1="1" ind2="4" tag="082"><subfield code="a">930</subfield><subfield code="2">15</subfield></datafield><datafield ind1="1" ind2="4" tag="082"><subfield code="a">330</subfield><subfield code="2">1</subfield></datafield><datafield ind1="0" ind2="0" tag="245"><subfield code="a">Tout vendre, tout acheter</subfield><subfield code="b">structures et équipements des marchés antiques : actes du colloque d'Athènes, 16-19 juin 2009</subfield><subfield code="c">[organisé par l'École française d'Athènes] ; édités par Véronique Chankowski et Pavlos Karvonis</subfield></datafield><datafield ind1=" " ind2="1" tag="264"><subfield code="a">Bordeaux</subfield><subfield code="a">Pessac</subfield><subfield code="b">Ausonius éd.</subfield><subfield code="a">Athènes</subfield><subfield code="b">Ecole française d'Athènes</subfield><subfield code="a">Paris</subfield><subfield code="b">diff. de Boccard</subfield><subfield code="c">2012</subfield></datafield><datafield ind1=" " ind2=" " tag="300"><subfield code="a">1 vol. (444 p.)</subfield><subfield code="b">ill. en noir et en coul., couv. ill. en coul.</subfield><subfield code="c">24 cm</subfield></datafield><datafield ind1=" " ind2=" " tag="336"><subfield code="b">txt</subfield><subfield code="2">rdacontent</subfield></datafield><datafield ind1=" " ind2=" " tag="337"><subfield code="b">n</subfield><subfield code="2">rdamedia</subfield></datafield><datafield ind1=" " ind2=" " tag="338"><subfield code="b">nc</subfield><subfield code="2">rdacarrier</subfield></datafield><datafield ind1="1" ind2=" " tag="490"><subfield code="a">Scripta antiqua</subfield><subfield code="v">42</subfield></datafield><datafield ind1="0" ind2=" " tag="490"><subfield code="a">Ecole française d'Athènes. Hors collection</subfield></datafield><datafield ind1=" " ind2=" " tag="500"><subfield code="a">Bibliogr. p. 385-409. Index. Résumés</subfield></datafield><datafield ind1=" " ind2=" " tag="500"><subfield code="a">Colloque organisé en partenariat avec le Groupement de recherche du CNRS &quot;Les marchés dans le monde antique&quot; et la Société archéologique grecque d'Athènes</subfield></datafield><datafield ind1=" " ind2=" " tag="500"><subfield code="a">Textes des communications principalement en français, quelques contributions en anglais, grec et italien</subfield></datafield><datafield ind1=" " ind2=" " tag="500"><subfield code="a">Beiträge mehrheitlich franz., einzelne engl. oder ital.</subfield></datafield><datafield ind1=" " ind2=" " tag="520"><subfield code="a">L'organisation des marchés dans l'Antiquité et la nature de leurs équipements constituent assurément des thématiques essentielles à la compréhension du fonctionnement des économies anciennes. L'analyse économique des marchés antiques s'enrichit ici d'éléments archéologiques souvent inédits, dans un champ chronologique et géographique qui englobe la plupart des sites de Méditerranée orientale qui ont livré des informations nouvelles sur la question. La mise en évidence, à travers plusieurs études de cas, des étapes du développement des agoras marchandes, jusqu'à l|édification des macella, s|accompagne de l'étude des fonctions commerciales de plusieurs types de bâtiments, qui permet en même temps de préciser l'organisation concrète des ventes.</subfield></datafield><datafield ind1=" " ind2="7" tag="650"><subfield code="a">Marchés</subfield><subfield code="0">(IDREF)027265498</subfield><subfield code="2">idref</subfield></datafield><datafield ind1=" " ind2="7" tag="650"><subfield code="a">Commerce</subfield><subfield code="0">(IDREF)02773563X</subfield><subfield code="2">idref</subfield></datafield><datafield ind1=" " ind2="7" tag="650"><subfield code="a">Marktplatz</subfield><subfield code="0">(DE-588)4132394-4</subfield><subfield code="2">gnd</subfield></datafield><datafield ind1=" " ind2="0" tag="650"><subfield code="a">Markets</subfield><subfield code="z">Greece</subfield><subfield code="x">History</subfield><subfield code="v">Congresses</subfield></datafield><datafield ind1=" " ind2="0" tag="650"><subfield code="a">Markets</subfield><subfield code="z">Rome</subfield><subfield code="x">History</subfield><subfield code="v">Congresses</subfield></datafield><datafield ind1=" " ind2="7" tag="651"><subfield code="a">Grèce</subfield><subfield code="y">Jusqu'à 395</subfield><subfield code="0">(IDREF)027355802</subfield><subfield code="2">idref</subfield></datafield><datafield ind1=" " ind2="7" tag="651"><subfield code="a">Rome</subfield><subfield code="0">(IDREF)027243001</subfield><subfield code="2">idref</subfield></datafield><datafield ind1=" " ind2="7" tag="651"><subfield code="a">Griechenland</subfield><subfield code="g">Altertum</subfield><subfield code="0">(DE-588)4093976-5</subfield><subfield code="2">gnd</subfield></datafield><datafield ind1=" " ind2="7" tag="651"><subfield code="a">Griechenland</subfield><subfield code="0">(DE-588)4022047-3</subfield><subfield code="2">gnd</subfield></datafield><datafield ind1=" " ind2="0" tag="651"><subfield code="a">Greece</subfield><subfield code="x">Commerce</subfield><subfield code="x">History</subfield><subfield code="v">Congresses</subfield></datafield><datafield ind1=" " ind2="0" tag="651"><subfield code="a">Rome</subfield><subfield code="x">Commerce</subfield><subfield code="x">History</subfield><subfield code="v">Congresses</subfield></datafield><datafield ind1=" " ind2="7" tag="655"><subfield code="a">Actes de congrès</subfield><subfield code="0">(IDREF)02886431X</subfield><subfield code="2">idref</subfield></datafield><datafield ind1=" " ind2="7" tag="655"><subfield code="a">Konferenzschrift</subfield><subfield code="z">Athen</subfield><subfield code="y">2009</subfield><subfield code="2">gnd-content</subfield></datafield><datafield ind1=" " ind2="7" tag="655"><subfield code="a">Konferenzschrift</subfield><subfield code="2">gnd-content</subfield></datafield><datafield ind1=" " ind2="7" tag="655"><subfield code="a">Konferenzschrift</subfield><subfield code="z">Athi̲nai</subfield><subfield code="y">2009</subfield><subfield code="2">gnd-content</subfield></datafield><datafield ind1="1" ind2=" " tag="700"><subfield code="a">Karvonis, Pavlos</subfield><subfield code="d">1976-....</subfield><subfield code="0">(IDREF)083383069</subfield></datafield><datafield ind1="1" ind2=" " tag="700"><subfield code="a">Chankowski, Véronique</subfield><subfield code="d">1971-</subfield><subfield code="0">(DE-588)1163128937</subfield><subfield code="6">880-03</subfield></datafield><datafield ind1="1" ind2=" " tag="880"><subfield code="6">700-03</subfield><subfield code="a">Chankowski, Véronique</subfield><subfield code="d">1971-....</subfield><subfield code="0">(IDREF)087664151</subfield></datafield><datafield ind1="2" ind2=" " tag="710"><subfield code="a">Ecole française d'Athènes</subfield><subfield code="b">Colloque</subfield><subfield code="d">2009</subfield><subfield code="c">Athēna</subfield><subfield code="0">(RERO)A023069399</subfield></datafield><datafield ind1="4" ind2=" " tag="856"><subfield code="3">Titelblatt und Inhaltsverzeichnis</subfield><subfield code="u">https://toc.library.ethz.ch/objects/pdf03/z01_978-2-35613-045-7_01.pdf</subfield><subfield code="q">pdf</subfield></datafield><datafield ind1=" " ind2=" " tag="830"><subfield code="a">Scripta antiqua</subfield><subfield code="v">42</subfield><subfield code="w">(RERO)R265539160-41slsp</subfield></datafield><datafield ind1=" " ind2=" " tag="830"><subfield code="a">Ausonius éditions</subfield><subfield code="p">Scripta antiqua</subfield><subfield code="v">42</subfield><subfield code="w">(NEBIS)004939447EBI01</subfield></datafield><datafield ind1=" " ind2=" " tag="900"><subfield code="a">REROnoselfmerge</subfield></datafield><datafield ind1=" " ind2=" " tag="900"><subfield code="a">IDSZ2zbzmon201305l</subfield><subfield code="c">IDSZ2hilb</subfield><subfield code="d">IDSZ2zbzswk201305g</subfield><subfield code="e">IDSZ2brue</subfield></datafield><datafield ind1=" " ind2=" " tag="910"><subfield code="a">BNF</subfield><subfield code="b">20130107</subfield><subfield code="c">Droits réservés</subfield></datafield><datafield ind1=" " ind2=" " tag="949"><subfield code="a">https://toc.library.ethz.ch/objects/pdf03/z01_978-2-35613-045-7_01.pdf</subfield></datafield></record>
</metadata></record>