<record><header><identifier>oai:alma.41SLSP_UGE:991000776149705502</identifier><datestamp>2024-08-30T00:06:49Z</datestamp><setSpec>uge_bcen_RapidILL_BOOK</setSpec><setSpec>uge_aaca_RapidILL_BOOK</setSpec><setSpec>uge_abels_RapidILL_BOOK</setSpec><setSpec>uge_dbu_RapidILL_BOOK</setSpec><setSpec>uge_cmu_RapidILL_BOOK</setSpec><setSpec>uge_mail_RapidILL_BOOK</setSpec><setSpec>uge_abbat_RapidILL_BOOK</setSpec><setSpec>UNIGE_ALL</setSpec><setSpec>uge_acar_RapidILL_BOOK</setSpec><setSpec>uge_aobs_RapidILL_BOOK</setSpec></header><metadata>
<record xmlns="http://www.loc.gov/MARC21/slim" xmlns:xsi="http://www.w3.org/2001/XMLSchema-instance" xsi:schemaLocation="http://www.loc.gov/MARC21/slim http://www.loc.gov/standards/marcxml/schema/MARC21slim.xsd"><leader>02744nam a2200553 c 4500</leader><controlfield tag="001">991000776149705502</controlfield><controlfield tag="005">20240829100739.0</controlfield><controlfield tag="008">950825m19551960sz ||||| |||| 00| ||fre d</controlfield><datafield ind1="7" ind2=" " tag="024"><subfield code="a">http://catalogue.bnf.fr/ark:/12148/cb33026336g</subfield><subfield code="2">uri</subfield></datafield><datafield ind1=" " ind2=" " tag="035"><subfield code="a">(swissbib)090287002-41slsp_network</subfield></datafield><datafield ind1=" " ind2=" " tag="035"><subfield code="a">090287002</subfield><subfield code="9">ExL</subfield></datafield><datafield ind1=" " ind2=" " tag="035"><subfield code="a">(RERO)2067843-41slsp</subfield></datafield><datafield ind1=" " ind2=" " tag="035"><subfield code="a">(EXLNZ-41SLSP_NETWORK)991024976019705501</subfield></datafield><datafield ind1=" " ind2=" " tag="040"><subfield code="a">RERO geubib</subfield><subfield code="d">CH-ZuSLS</subfield></datafield><datafield ind1=" " ind2=" " tag="044"><subfield code="a">sz</subfield><subfield code="c">ch-ne</subfield></datafield><datafield ind1=" " ind2="7" tag="072"><subfield code="a">fr</subfield><subfield code="2">rero</subfield></datafield><datafield ind1="1" ind2=" " tag="080"><subfield code="a">(038)=40(494)</subfield></datafield><datafield ind1="0" ind2="0" tag="245"><subfield code="a">Glossaire des patois de la Suisse romande</subfield><subfield code="c">fondé par Louis Gauchat, Jules Jeanjaquet, Ernest Tappolet.</subfield><subfield code="n">T. 3</subfield><subfield code="p">ça - choix / réd. et publ. par E. Schüle ... [et al.]</subfield></datafield><datafield ind1=" " ind2="1" tag="264"><subfield code="a">Neuchâtel</subfield><subfield code="a">Paris</subfield><subfield code="b">V. Attinger</subfield><subfield code="c">1955-1960</subfield></datafield><datafield ind1=" " ind2="3" tag="264"><subfield code="a">Neuchâtel</subfield><subfield code="b">imprimerie Paul Attinger</subfield></datafield><datafield ind1=" " ind2=" " tag="300"><subfield code="a">XV, 608 p.</subfield><subfield code="b">ill.</subfield><subfield code="c">29 cm</subfield></datafield><datafield ind1=" " ind2=" " tag="336"><subfield code="b">txt</subfield><subfield code="2">rdacontent</subfield></datafield><datafield ind1=" " ind2=" " tag="337"><subfield code="b">n</subfield><subfield code="2">rdamedia</subfield></datafield><datafield ind1=" " ind2=" " tag="338"><subfield code="b">nc</subfield><subfield code="2">rdacarrier</subfield></datafield><datafield ind1=" " ind2=" " tag="500"><subfield code="a">Faux-titre</subfield></datafield><datafield ind1=" " ind2=" " tag="500"><subfield code="a">Ouvrage élaboré avec le concours de nombreux auxiliaires, publié sous les auspices de la Confédération suisse et des cantons romands, honoré du prix Volney par l'Institut de France</subfield></datafield><datafield ind1=" " ind2=" " tag="500"><subfield code="a">Publ. par livraisons</subfield></datafield><datafield ind1=" " ind2=" " tag="500"><subfield code="a">Ill. part. par Pierre Gauchat et en partie d'après des dessins originaux de Paul Boesch</subfield></datafield><datafield ind1=" " ind2=" " tag="508"><subfield code="a">Le T. 3 a également été rédigé et publié par P. Aebischer, A. Desponds, M. Burger, Z. Marzys</subfield></datafield><datafield ind1=" " ind2="7" tag="650"><subfield code="a">Mundart</subfield><subfield code="9">ger</subfield><subfield code="0">(RERO)jurivoc000015397ger</subfield><subfield code="2">jurivoc</subfield></datafield><datafield ind1=" " ind2="7" tag="650"><subfield code="a">Französisch</subfield><subfield code="9">ger</subfield><subfield code="0">(RERO)jurivoc000008686ger</subfield><subfield code="2">jurivoc</subfield></datafield><datafield ind1=" " ind2="7" tag="650"><subfield code="a">Français (langue)</subfield><subfield code="0">(IDREF)027276635</subfield><subfield code="2">idref</subfield></datafield><datafield ind1=" " ind2="7" tag="650"><subfield code="a">Dialectes</subfield><subfield code="0">(IDREF)028627237</subfield><subfield code="2">idref</subfield></datafield><datafield ind1=" " ind2="7" tag="651"><subfield code="a">Schweiz</subfield><subfield code="9">ger</subfield><subfield code="0">(RERO)jurivoc000019912ger</subfield><subfield code="2">jurivoc</subfield></datafield><datafield ind1=" " ind2="7" tag="651"><subfield code="a">Suisse romande</subfield><subfield code="0">(IDREF)027437221</subfield><subfield code="2">idref</subfield></datafield><datafield ind1=" " ind2="7" tag="655"><subfield code="a">Wörterbuch</subfield><subfield code="9">ger</subfield><subfield code="2">jurivoc</subfield><subfield code="0">(RERO)jurivoc000026860ger</subfield></datafield><datafield ind1=" " ind2="7" tag="655"><subfield code="a">Dictionnaires</subfield><subfield code="0">(IDREF)027232050</subfield><subfield code="2">idref</subfield></datafield><datafield ind1="1" ind2=" " tag="700"><subfield code="a">Schüle, Ernest</subfield><subfield code="d">1912-1989</subfield><subfield code="0">(IDREF)50607502</subfield><subfield code="4">aut</subfield><subfield code="4">edt</subfield></datafield><datafield ind1="1" ind2=" " tag="700"><subfield code="a">Aebischer, Paul</subfield><subfield code="d">1897-1977</subfield><subfield code="0">(IDREF)031665594</subfield><subfield code="4">aut</subfield><subfield code="4">edt</subfield></datafield><datafield ind1="1" ind2=" " tag="700"><subfield code="a">Desponds, André</subfield><subfield code="d">1914-1983</subfield><subfield code="0">(IDREF)277651859</subfield><subfield code="4">aut</subfield><subfield code="4">edt</subfield></datafield><datafield ind1="1" ind2=" " tag="700"><subfield code="a">Gauchat, Louis</subfield><subfield code="d">1866-1942</subfield><subfield code="0">(IDREF)030169224</subfield><subfield code="4">aut</subfield><subfield code="4">edt</subfield></datafield><datafield ind1="1" ind2=" " tag="700"><subfield code="a">Jeanjaquet, Jules</subfield><subfield code="d">1867-1950</subfield><subfield code="0">(IDREF)030169216</subfield><subfield code="4">aut</subfield><subfield code="4">edt</subfield></datafield><datafield ind1="1" ind2=" " tag="700"><subfield code="a">Tappolet, Ernst</subfield><subfield code="d">1870-1939</subfield><subfield code="0">(IDREF)30169232</subfield><subfield code="4">aut</subfield><subfield code="4">edt</subfield></datafield><datafield ind1="1" ind2=" " tag="700"><subfield code="a">Burger, Michel</subfield><subfield code="0">(IDREF)077345258</subfield><subfield code="4">aut</subfield><subfield code="4">edt</subfield></datafield><datafield ind1="1" ind2=" " tag="700"><subfield code="a">Marzys, Zygmunt</subfield><subfield code="0">(RERO)A003569231</subfield><subfield code="4">aut</subfield><subfield code="4">edt</subfield></datafield><datafield ind1="1" ind2=" " tag="700"><subfield code="a">Boesch, Paul</subfield><subfield code="d">1889-1969</subfield><subfield code="0">(IDREF)25692161X</subfield><subfield code="4">ill</subfield></datafield><datafield ind1="1" ind2=" " tag="700"><subfield code="a">Gauchat, Pierre</subfield><subfield code="d">1902-1956</subfield><subfield code="0">(IDREF)111674875</subfield><subfield code="4">egr</subfield></datafield><datafield ind1="1" ind2=" " tag="700"><subfield code="a">Gauchat, Jeannette</subfield><subfield code="4">egr</subfield></datafield><datafield ind1="2" ind2=" " tag="710"><subfield code="a">Glossaire des patois de la Suisse romande</subfield><subfield code="4">aut</subfield><subfield code="4">edt</subfield><subfield code="0">(IDREF)249965070</subfield></datafield><datafield ind1=" " ind2="0" tag="830"><subfield code="a">Glossaire des patois de la Suisse romande</subfield><subfield code="v">3</subfield><subfield code="w">(RERO)2067820-41slsp</subfield></datafield></record>
</metadata></record>