<record><header><identifier>oai:alma.41SLSP_UGE:991000776669705502</identifier><datestamp>2024-07-27T00:09:47Z</datestamp><setSpec>uge_bcen_RapidILL_BOOK</setSpec><setSpec>uge_aaca_RapidILL_BOOK</setSpec><setSpec>uge_abels_RapidILL_BOOK</setSpec><setSpec>uge_dbu_RapidILL_BOOK</setSpec><setSpec>uge_cmu_RapidILL_BOOK</setSpec><setSpec>uge_mail_RapidILL_BOOK</setSpec><setSpec>uge_abbat_RapidILL_BOOK</setSpec><setSpec>UNIGE_ALL</setSpec><setSpec>uge_acar_RapidILL_BOOK</setSpec><setSpec>uge_aobs_RapidILL_BOOK</setSpec></header><metadata>
<record xmlns="http://www.loc.gov/MARC21/slim" xmlns:xsi="http://www.w3.org/2001/XMLSchema-instance" xsi:schemaLocation="http://www.loc.gov/MARC21/slim http://www.loc.gov/standards/marcxml/schema/MARC21slim.xsd"><leader>03123nam a2200637 c 4500</leader><controlfield tag="001">991000776669705502</controlfield><controlfield tag="005">20230223202316.0</controlfield><controlfield tag="008">201011t19941994xxk||||| |||| 10| ||eng d</controlfield><datafield ind1=" " ind2=" " tag="020"><subfield code="a">1853339989</subfield></datafield><datafield ind1="7" ind2=" " tag="024"><subfield code="a">http://catalogue.bnf.fr/ark:/12148/cb37453790h</subfield><subfield code="2">uri</subfield></datafield><datafield ind1=" " ind2=" " tag="035"><subfield code="a">(swissbib)217508154-41slsp_network</subfield></datafield><datafield ind1=" " ind2=" " tag="035"><subfield code="a">217508154</subfield><subfield code="9">ExL</subfield></datafield><datafield ind1=" " ind2=" " tag="035"><subfield code="a">(RERO)1911014-41slsp</subfield></datafield><datafield ind1=" " ind2=" " tag="035"><subfield code="a">(NEBIS)001365383EBI01</subfield></datafield><datafield ind1=" " ind2=" " tag="035"><subfield code="a">(EXLNZ-41SLSP_NETWORK)991003264649705501</subfield></datafield><datafield ind1=" " ind2=" " tag="040"><subfield code="a">RERO geubfd</subfield><subfield code="d">CH-ZuSLS</subfield></datafield><datafield ind1=" " ind2="7" tag="072"><subfield code="a">dr</subfield><subfield code="2">rero</subfield></datafield><datafield ind1="0" ind2="0" tag="082"><subfield code="a">341.7/51</subfield><subfield code="2">20</subfield></datafield><datafield ind1="0" ind2="4" tag="082"><subfield code="a">332.15</subfield></datafield><datafield ind1="0" ind2="4" tag="082"><subfield code="a">332.15063</subfield><subfield code="b">C748/1992re</subfield></datafield><datafield ind1="1" ind2="4" tag="082"><subfield code="a">332.15</subfield><subfield code="2">22</subfield></datafield><datafield ind1=" " ind2=" " tag="084"><subfield code="a">D 28 e</subfield><subfield code="2">cjurrom</subfield></datafield><datafield ind1=" " ind2=" " tag="084"><subfield code="a">A 82 e</subfield><subfield code="2">cjurrom</subfield></datafield><datafield ind1="0" ind2="0" tag="245"><subfield code="a">International banking regulation and supervision</subfield><subfield code="b">change and transformation in the 1990s</subfield><subfield code="c">ed. by J.J. Norton, Chia-Jui Cheng, I. Fletcher ; Graduate School of Law, Soochow University, Tapei, Taiwan, R.O.C., Centre for Commercial Law Studies, Queen Mary and Westfield College, University of London</subfield></datafield><datafield ind1=" " ind2="1" tag="264"><subfield code="a">London</subfield><subfield code="a">Dordrecht [etc.]</subfield><subfield code="b">Graham &amp; Trotman</subfield><subfield code="b">M. Nijhoff</subfield><subfield code="c">[1994]</subfield></datafield><datafield ind1=" " ind2="4" tag="264"><subfield code="c">© 1994</subfield></datafield><datafield ind1=" " ind2=" " tag="300"><subfield code="a">XXVI, 409 p.</subfield><subfield code="c">25 cm</subfield></datafield><datafield ind1=" " ind2=" " tag="336"><subfield code="b">txt</subfield><subfield code="2">rdacontent</subfield></datafield><datafield ind1=" " ind2=" " tag="337"><subfield code="b">n</subfield><subfield code="2">rdamedia</subfield></datafield><datafield ind1=" " ind2=" " tag="338"><subfield code="b">nc</subfield><subfield code="2">rdacarrier</subfield></datafield><datafield ind1="1" ind2=" " tag="490"><subfield code="a">International banking and finance law</subfield><subfield code="v">vol. 1</subfield></datafield><datafield ind1=" " ind2=" " tag="500"><subfield code="a">Revised version of papers presented at the Conference on Law and Practice in International Banking, held June 22-24, 1992 in Taipei, Taiwan</subfield></datafield><datafield ind1=" " ind2=" " tag="500"><subfield code="a">Derived from a Conference on Law and Practice in International Banking, 22-24 June 1992, Taipei, Taiwan conducted by the Graduate School of Law, Soochow Univ., Taipei and the Centre for Commercial Law Studies, Queen Mary and Westfield College, Univ. of London</subfield></datafield><datafield ind1=" " ind2=" " tag="504"><subfield code="a">Includes index.</subfield></datafield><datafield ind1=" " ind2=" " tag="504"><subfield code="a">Literaturangaben</subfield></datafield><datafield ind1=" " ind2="7" tag="650"><subfield code="a">droit bancaire - révision</subfield><subfield code="0">(RERO)A010075603</subfield><subfield code="2">rerovoc</subfield></datafield><datafield ind1=" " ind2="7" tag="650"><subfield code="a">Droit comparé</subfield><subfield code="0">(IDREF)027741451</subfield><subfield code="2">idref</subfield></datafield><datafield ind1=" " ind2="7" tag="650"><subfield code="a">1990-1992</subfield><subfield code="2">rero</subfield></datafield><datafield ind1=" " ind2="7" tag="650"><subfield code="a">Finances internationales</subfield><subfield code="0">(IDREF)027467821</subfield><subfield code="2">idref</subfield></datafield><datafield ind1=" " ind2="7" tag="650"><subfield code="a">Bankenaufsicht</subfield><subfield code="2">idszbz</subfield></datafield><datafield ind1=" " ind2="7" tag="650"><subfield code="a">Internationales Bankrecht</subfield><subfield code="2">idszbz</subfield></datafield><datafield ind1=" " ind2="7" tag="650"><subfield code="a">Internationale Bank</subfield><subfield code="0">(DE-588)4140009-4</subfield><subfield code="2">gnd</subfield></datafield><datafield ind1=" " ind2="7" tag="650"><subfield code="a">Rechtsvergleich</subfield><subfield code="0">(DE-588)4115712-6</subfield><subfield code="2">gnd</subfield></datafield><datafield ind1=" " ind2="0" tag="650"><subfield code="a">Banks and banking, International</subfield><subfield code="x">Law and legislation</subfield></datafield><datafield ind1=" " ind2="0" tag="650"><subfield code="a">Banks and banking, International</subfield><subfield code="x">State supervision</subfield></datafield><datafield ind1=" " ind2="7" tag="655"><subfield code="a">Actes de congrès</subfield><subfield code="0">(IDREF)02886431X</subfield><subfield code="2">idref</subfield></datafield><datafield ind1=" " ind2="7" tag="655"><subfield code="a">Aufsatzsammlung</subfield><subfield code="2">idszbz</subfield></datafield><datafield ind1=" " ind2="7" tag="655"><subfield code="a">Konferenzschrift</subfield><subfield code="z">Taipei</subfield><subfield code="y">1992</subfield><subfield code="2">gnd-content</subfield></datafield><datafield ind1="1" ind2=" " tag="700"><subfield code="a">Norton, Joseph J.</subfield><subfield code="0">(DE-588)153505141</subfield></datafield><datafield ind1="1" ind2=" " tag="700"><subfield code="a">Norton, Joseph Jude</subfield><subfield code="d">19..-....</subfield><subfield code="0">(IDREF)032481284</subfield></datafield><datafield ind1="2" ind2=" " tag="710"><subfield code="a">Graduate School of Law</subfield><subfield code="g">Taipeh</subfield><subfield code="0">(DE-588)5130574-4</subfield></datafield><datafield ind1="2" ind2=" " tag="710"><subfield code="a">Centre for commercial law studies</subfield><subfield code="g">Londres</subfield><subfield code="0">(IDREF)032771983</subfield></datafield><datafield ind1="2" ind2=" " tag="711"><subfield code="a">Conference on Law and Practice in International Banking</subfield><subfield code="d">1992</subfield><subfield code="c">Taipeh</subfield><subfield code="0">(DE-588)5130575-6</subfield></datafield><datafield ind1="2" ind2=" " tag="711"><subfield code="a">Conference on Law and Practice in International Banking</subfield><subfield code="d">1992</subfield><subfield code="c">Taipei, Taiwan</subfield><subfield code="0">(RERO)A012499042</subfield></datafield><datafield ind1=" " ind2="0" tag="830"><subfield code="a">International banking and finance law</subfield><subfield code="v">1</subfield><subfield code="w">(NEBIS)001005658EBI01</subfield></datafield><datafield ind1=" " ind2="0" tag="830"><subfield code="a">International banking and finance law</subfield><subfield code="v">1</subfield><subfield code="w">(RERO)1910954-41slsp</subfield></datafield><datafield ind1=" " ind2=" " tag="900"><subfield code="a">REROnoselfmerge</subfield></datafield></record>
</metadata></record>