<record><header><identifier>oai:alma.41SLSP_UGE:991000776459705502</identifier><datestamp>2024-09-28T00:26:32Z</datestamp><setSpec>uge_bcen_RapidILL_BOOK</setSpec><setSpec>uge_aaca_RapidILL_BOOK</setSpec><setSpec>uge_abels_RapidILL_BOOK</setSpec><setSpec>uge_dbu_RapidILL_BOOK</setSpec><setSpec>uge_cmu_RapidILL_BOOK</setSpec><setSpec>uge_mail_RapidILL_BOOK</setSpec><setSpec>uge_abbat_RapidILL_BOOK</setSpec><setSpec>UNIGE_ALL</setSpec><setSpec>uge_aobs_RapidILL_BOOK</setSpec><setSpec>uge_acar_RapidILL_BOOK</setSpec></header><metadata>
<record xmlns="http://www.loc.gov/MARC21/slim" xmlns:xsi="http://www.w3.org/2001/XMLSchema-instance" xsi:schemaLocation="http://www.loc.gov/MARC21/slim http://www.loc.gov/standards/marcxml/schema/MARC21slim.xsd"><leader>01861nam a22004572c 4500</leader><controlfield tag="001">991000776459705502</controlfield><controlfield tag="005">20240927204650.0</controlfield><controlfield tag="008">201011s2014    ja ||||| |||| 00| ||eng d</controlfield><datafield ind1=" " ind2=" " tag="020"><subfield code="a">4878030380</subfield><subfield code="q">pbk.</subfield></datafield><datafield ind1=" " ind2=" " tag="020"><subfield code="a">9784878030383</subfield><subfield code="q">pbk.</subfield></datafield><datafield ind1=" " ind2=" " tag="035"><subfield code="a">(swissbib)224133241-41slsp_network</subfield></datafield><datafield ind1=" " ind2=" " tag="035"><subfield code="a">224133241</subfield><subfield code="9">ExL</subfield></datafield><datafield ind1=" " ind2=" " tag="035"><subfield code="a">(RERO)R007828121-41slsp</subfield></datafield><datafield ind1=" " ind2=" " tag="035"><subfield code="a">(NEBIS)010196122EBI01</subfield></datafield><datafield ind1=" " ind2=" " tag="035"><subfield code="a">(IDSBB)006280642DSV01</subfield></datafield><datafield ind1=" " ind2=" " tag="035"><subfield code="a">(OCoLC)876211732</subfield></datafield><datafield ind1=" " ind2=" " tag="035"><subfield code="a">(EXLNZ-41SLSP_NETWORK)991107602729705501</subfield></datafield><datafield ind1=" " ind2=" " tag="040"><subfield code="a">RERO gevmhn</subfield><subfield code="d">CH-ZuSLS</subfield></datafield><datafield ind1=" " ind2="7" tag="072"><subfield code="a">st</subfield><subfield code="2">rero</subfield></datafield><datafield ind1="0" ind2="0" tag="245"><subfield code="a">Olenekian (Early Triassic) stratigraphy and fossil assemblages in northeastern Vietnam</subfield><subfield code="c">ed. by Yasunari Shigeta ... [et al.]</subfield></datafield><datafield ind1=" " ind2="1" tag="264"><subfield code="a">Tokyo</subfield><subfield code="b">National Museum of Nature and Science</subfield><subfield code="c">2014</subfield></datafield><datafield ind1=" " ind2=" " tag="300"><subfield code="a">309 p.</subfield><subfield code="b">Ill.</subfield><subfield code="c">26 cm</subfield></datafield><datafield ind1=" " ind2=" " tag="336"><subfield code="b">txt</subfield><subfield code="2">rdacontent</subfield></datafield><datafield ind1=" " ind2=" " tag="337"><subfield code="b">n</subfield><subfield code="2">rdamedia</subfield></datafield><datafield ind1=" " ind2=" " tag="338"><subfield code="b">nc</subfield><subfield code="2">rdacarrier</subfield></datafield><datafield ind1="1" ind2=" " tag="490"><subfield code="a">National Museum of Nature and Science Monographs</subfield><subfield code="v">No. 45</subfield></datafield><datafield ind1=" " ind2=" " tag="500"><subfield code="a">Abstract also in Japanese</subfield></datafield><datafield ind1=" " ind2=" " tag="504"><subfield code="a">Includes bibliographical references (p. 295 - 309)</subfield></datafield><datafield ind1=" " ind2="7" tag="650"><subfield code="a">Trias inférieur</subfield><subfield code="0">(IDREF)02727120X</subfield><subfield code="2">idref</subfield></datafield><datafield ind1=" " ind2="7" tag="650"><subfield code="a">Paléontologie</subfield><subfield code="0">(IDREF)030808677</subfield><subfield code="2">idref</subfield></datafield><datafield ind1=" " ind2="0" tag="650"><subfield code="a">Paleontology</subfield><subfield code="z">Vietnam</subfield><subfield code="y">Triassic</subfield></datafield><datafield ind1=" " ind2="0" tag="650"><subfield code="a">Geology, Stratigraphic</subfield><subfield code="y">Triassic</subfield></datafield><datafield ind1=" " ind2="0" tag="650"><subfield code="a">Fossils</subfield><subfield code="z">Vietnam</subfield></datafield><datafield ind1=" " ind2="7" tag="650"><subfield code="a">BIOSTRATIGRAPHY</subfield><subfield code="9">eng</subfield><subfield code="0">(ETHUDK)000020458</subfield><subfield code="2">ethudk</subfield></datafield><datafield ind1=" " ind2="7" tag="650"><subfield code="a">FOSSILS (PALAEONTOLOGY)</subfield><subfield code="9">eng</subfield><subfield code="0">(ETHUDK)000038226</subfield><subfield code="2">ethudk</subfield></datafield><datafield ind1=" " ind2="7" tag="650"><subfield code="a">LITHOSTRATIGRAPHY</subfield><subfield code="9">eng</subfield><subfield code="0">(ETHUDK)000020459</subfield><subfield code="2">ethudk</subfield></datafield><datafield ind1=" " ind2="7" tag="650"><subfield code="a">LOWER TRIASSIC (STRATIGRAPHY)</subfield><subfield code="9">eng</subfield><subfield code="0">(ETHUDK)000020482</subfield><subfield code="2">ethudk</subfield></datafield><datafield ind1=" " ind2="7" tag="650"><subfield code="a">NORTHEAST REGION, DONG BAC (VIETNAM)</subfield><subfield code="9">eng</subfield><subfield code="0">(ETHUDK)000065293</subfield><subfield code="2">ethudk</subfield></datafield><datafield ind1=" " ind2="7" tag="651"><subfield code="a">Vietnam - nord</subfield><subfield code="0">(RERO)A010164812</subfield><subfield code="2">rero</subfield></datafield><datafield ind1="1" ind2=" " tag="700"><subfield code="a">Shigeta, Yasunari</subfield><subfield code="0">(IDREF)112210856</subfield></datafield><datafield ind1=" " ind2="0" tag="830"><subfield code="a">National Museum of Nature and Science monographs</subfield><subfield code="v">45</subfield><subfield code="w">(RERO)R005352171-41slsp</subfield></datafield><datafield ind1=" " ind2=" " tag="900"><subfield code="a">REROnoselfmerge</subfield></datafield></record>
</metadata></record>