<record><header><identifier>oai:alma.41SLSP_UGE:991000776259705502</identifier><datestamp>2024-03-09T01:29:29Z</datestamp><setSpec>uge_bcen_RapidILL_BOOK</setSpec><setSpec>uge_aaca_RapidILL_BOOK</setSpec><setSpec>uge_abels_RapidILL_BOOK</setSpec><setSpec>uge_dbu_RapidILL_BOOK</setSpec><setSpec>uge_cmu_RapidILL_BOOK</setSpec><setSpec>uge_mail_RapidILL_BOOK</setSpec><setSpec>uge_abbat_RapidILL_BOOK</setSpec><setSpec>UNIGE_ALL</setSpec><setSpec>uge_acar_RapidILL_BOOK</setSpec><setSpec>uge_aobs_RapidILL_BOOK</setSpec></header><metadata>
<record xmlns="http://www.loc.gov/MARC21/slim" xmlns:xsi="http://www.w3.org/2001/XMLSchema-instance" xsi:schemaLocation="http://www.loc.gov/MARC21/slim http://www.loc.gov/standards/marcxml/schema/MARC21slim.xsd"><leader>10095nam a2201657 c 4500</leader><controlfield tag="001">991000776259705502</controlfield><controlfield tag="005">20240308214737.0</controlfield><controlfield tag="008">201012s2000    sz            00| | ger  </controlfield><datafield ind1=" " ind2=" " tag="019"><subfield code="a">Datenimport FG Kornhaus</subfield><subfield code="5">IDSBB/B425/2019</subfield></datafield><datafield ind1=" " ind2=" " tag="020"><subfield code="a">3858238538</subfield></datafield><datafield ind1=" " ind2=" " tag="035"><subfield code="a">(swissbib)242567843-41slsp_network</subfield></datafield><datafield ind1=" " ind2=" " tag="035"><subfield code="a">242567843</subfield><subfield code="9">ExL</subfield></datafield><datafield ind1=" " ind2=" " tag="035"><subfield code="a">(IDSBB)002073697DSV01</subfield></datafield><datafield ind1=" " ind2=" " tag="035"><subfield code="a">(RERO)R278605960-41slsp</subfield></datafield><datafield ind1=" " ind2=" " tag="035"><subfield code="a">(IDSSG)000516660HSB01</subfield></datafield><datafield ind1=" " ind2=" " tag="035"><subfield code="a">(IDSLU)000201322ILU01</subfield></datafield><datafield ind1=" " ind2=" " tag="035"><subfield code="a">(NEBIS)004048745EBI01</subfield></datafield><datafield ind1=" " ind2=" " tag="035"><subfield code="a">(ABN)000216290ABN01</subfield></datafield><datafield ind1=" " ind2=" " tag="035"><subfield code="a">(ALEX)bv80080007</subfield></datafield><datafield ind1=" " ind2=" " tag="035"><subfield code="a">(EXLNZ-41SLSP_NETWORK)991047792149705501</subfield></datafield><datafield ind1=" " ind2=" " tag="040"><subfield code="a">SzZuIDS BS/BE B434</subfield><subfield code="e">kids</subfield><subfield code="d">CH-ZuSLS</subfield></datafield><datafield ind1=" " ind2=" " tag="044"><subfield code="a">sz</subfield><subfield code="c">ch-zh</subfield></datafield><datafield ind1=" " ind2="7" tag="072"><subfield code="a">ng</subfield><subfield code="2">SzZuIDS BS/BE</subfield></datafield><datafield ind1=" " ind2="7" tag="072"><subfield code="a">kh</subfield><subfield code="2">SzZuIDS BS/BE</subfield></datafield><datafield ind1=" " ind2="7" tag="072"><subfield code="a">ba</subfield><subfield code="2">rero</subfield></datafield><datafield ind1=" " ind2="7" tag="072"><subfield code="a">460</subfield><subfield code="2">IDS LU</subfield></datafield><datafield ind1="1" ind2="4" tag="082"><subfield code="a">900</subfield><subfield code="2">15</subfield></datafield><datafield ind1=" " ind2=" " tag="084"><subfield code="a">LH 65690</subfield><subfield code="2">rvk</subfield></datafield><datafield ind1=" " ind2=" " tag="084"><subfield code="a">LH 65900</subfield><subfield code="2">rvk</subfield></datafield><datafield ind1=" " ind2=" " tag="084"><subfield code="a">BO 5530</subfield><subfield code="2">rvk</subfield></datafield><datafield ind1=" " ind2=" " tag="084"><subfield code="a">LH 40830</subfield><subfield code="2">rvk</subfield></datafield><datafield ind1=" " ind2=" " tag="084"><subfield code="a">NN 1770</subfield><subfield code="2">rvk</subfield></datafield><datafield ind1="0" ind2="0" tag="245"><subfield code="a">Bildersturm</subfield><subfield code="b">Wahnsinn oder Gottes Wille?</subfield><subfield code="c">hrsg. von Cécile Dupeux ... [et al.]</subfield></datafield><datafield ind1=" " ind2="1" tag="264"><subfield code="a">Zürich</subfield><subfield code="b">Verlag Neue Zürcher Zeitung</subfield><subfield code="c">2000</subfield></datafield><datafield ind1=" " ind2=" " tag="300"><subfield code="a">454 p.</subfield><subfield code="b">ill. en noir et en coul.</subfield><subfield code="c">32 cm</subfield></datafield><datafield ind1=" " ind2=" " tag="336"><subfield code="b">txt</subfield><subfield code="2">rdacontent</subfield></datafield><datafield ind1=" " ind2=" " tag="337"><subfield code="b">n</subfield><subfield code="2">rdamedia</subfield></datafield><datafield ind1=" " ind2=" " tag="338"><subfield code="b">nc</subfield><subfield code="2">rdacarrier</subfield></datafield><datafield ind1=" " ind2=" " tag="500"><subfield code="a">Enth. u. a. (S. 97-103): Bern 1528 - Zwischen Zerstörung und Erhaltung / Franz-Josef Sladeczek. - Zum Berner Bildersturm vergl. auch S. 121-125 (Verf.: Franz-Josef Sladeczek, Armand Baerisiwyl, Brigitte Bachmann-Geiser) und 316-329 (Verf.: Daniel Gutscher, Franz-Josef Sladeczek, Martin Germann, Regula Glatz, Gabriele Keck). - Betr. ferner die Schädelreliquie des hl. Vinzenz (S. 107), das Gesichtsfragment einer Jupiterfigur aus dem gallo-römischen Tempelbezirk von Allmendingen (S. 138-139), einen Taufstein aus der Pfarrkirche von Spiez (S. 160), zwei Hostienbüchsen aus dem Berner Münsterschatz (S. 161), Eckquartiere des Berner Juliusbanners (S. 197-198), die Murtenschlacht (S. 199), den Allerseelenaltar des Berner Münsters (S. 204-206), Ablassprivilegien (S. 209), die Stiftung einer Privatkapelle im Berner Münster (S. 210-211), den Jahrzeitbehang der Familie von Ringoltingen (S. 212), einen spätgotischen Kirchenstuhl der Familie von Erlach (S. 213), eine geschnitzte Wappentafel des Niklaus von Diesbach (S. 214-215), eine Wappentafel der Familie von Diesbach (S. 215), ein mittelalterliches Messglöckchen aus Bümpliz (S. 215), Butterbriefe für das Berner Gebiet (S. 226-227), eine Glasscheibe aus der Kirche Jegenstorf (S. 244-245), den Wallfahrtsort Oberbüren (S. 252-253), ein lateinisches Brevier aus Interlaken (S. 260-261), den Berner Skulpturenfund (S. 316-325), ein Christusrelief aus der Kartause Thorberg (S. 328), ein Fragment eines Friedhofs- oder Wegkruzifixes aus Muri (S. 329), die Skulptur eines Bischofs aus der Berner Münsterbauhütte (S. 329), die Rolle Berns bei der Zerstörung der Bilder in der Westschweiz (S. 330-335), die Figur des Christoffel (S. 350-351), Niklaus Manuel (S.352-353 und 362-365), das Hauptportal des Berner Münsters (S. 358-359) und den Anschlag des &quot;Groupe Bélier&quot; auf die Figur des Berner Gerechtigkeitsbrunnens (S. 404-405).</subfield><subfield code="5">B412</subfield></datafield><datafield ind1=" " ind2=" " tag="500"><subfield code="a">Exposition. Bern. Bernisches Historisches Museum. 2000-2001</subfield></datafield><datafield ind1=" " ind2=" " tag="500"><subfield code="a">Exposition. Strasbourg. Musée de l'Oeuvre Notre-Dame. 2001</subfield></datafield><datafield ind1=" " ind2=" " tag="500"><subfield code="a">Katalog zur Ausstellung im Bernischen Historischen Museum und im Musée de l'Oeuvre Notre-Dame, Strassburg</subfield></datafield><datafield ind1=" " ind2=" " tag="500"><subfield code="a">Ausstellungsdaten Bern: 1.11.2000 - 16.4.2001</subfield></datafield><datafield ind1=" " ind2=" " tag="520"><subfield code="a">Skulpturenfund Berner Münsterplattform</subfield><subfield code="5">ubs-Archäologie</subfield></datafield><datafield ind1="2" ind2="0" tag="610"><subfield code="a">Bernisches Historisches Museum</subfield><subfield code="v">Catalogs</subfield></datafield><datafield ind1="2" ind2="0" tag="610"><subfield code="a">Musée de l'Œuvre Notre-Dame (Strasbourg, France)</subfield><subfield code="v">Catalogs</subfield></datafield><datafield ind1=" " ind2="7" tag="648"><subfield code="a">Geschichte 1500-1600</subfield><subfield code="2">gnd</subfield></datafield><datafield ind1=" " ind2="7" tag="650"><subfield code="a">Iconoclasme</subfield><subfield code="0">(IDREF)027450945</subfield><subfield code="2">idref</subfield></datafield><datafield ind1=" " ind2="7" tag="650"><subfield code="a">16e siècle-20e siècle</subfield><subfield code="2">idref</subfield></datafield><datafield ind1=" " ind2="7" tag="650"><subfield code="a">Reformation</subfield><subfield code="0">(DE-588)4048946-2</subfield><subfield code="2">gnd</subfield></datafield><datafield ind1=" " ind2="7" tag="650"><subfield code="a">Bildersturm</subfield><subfield code="0">(DE-588)4006611-3</subfield><subfield code="2">gnd</subfield></datafield><datafield ind1=" " ind2="7" tag="650"><subfield code="a">Ausstellung</subfield><subfield code="0">(DE-588)4129601-1</subfield><subfield code="2">gnd</subfield></datafield><datafield ind1=" " ind2="7" tag="650"><subfield code="a">Bildersturm</subfield><subfield code="2">idszbz</subfield></datafield><datafield ind1=" " ind2="7" tag="650"><subfield code="a">Reformation</subfield><subfield code="2">idszbz</subfield></datafield><datafield ind1=" " ind2="0" tag="650"><subfield code="a">Christian art and symbolism</subfield><subfield code="x">Mutilation, defacement, etc</subfield><subfield code="z">Europe</subfield></datafield><datafield ind1=" " ind2="0" tag="650"><subfield code="a">Christian art and symbolism</subfield><subfield code="x">Mutilation, defacement, etc</subfield><subfield code="z">Europe</subfield><subfield code="v">Exhibitions</subfield></datafield><datafield ind1=" " ind2="0" tag="650"><subfield code="a">Iconoclasm</subfield><subfield code="v">Exhibitions</subfield></datafield><datafield ind1=" " ind2="0" tag="650"><subfield code="a">Iconoclasm</subfield><subfield code="z">Europe</subfield><subfield code="v">Exhibitions</subfield></datafield><datafield ind1=" " ind2="0" tag="650"><subfield code="a">Iconoclasm</subfield><subfield code="z">Europe</subfield><subfield code="y">16th century</subfield></datafield><datafield ind1=" " ind2="0" tag="650"><subfield code="a">Reformation and art</subfield><subfield code="v">Exhibitions</subfield></datafield><datafield ind1=" " ind2="0" tag="650"><subfield code="a">Reformation and art</subfield><subfield code="x">Exhibitions</subfield></datafield><datafield ind1=" " ind2="0" tag="650"><subfield code="a">Reformation and art</subfield><subfield code="z">Europe</subfield></datafield><datafield ind1=" " ind2="7" tag="650"><subfield code="a">IKONOKLASMUS, KUNSTZERSTÖRUNG</subfield><subfield code="9">ger</subfield><subfield code="0">(ETHUDK)000053288</subfield><subfield code="2">ethudk</subfield></datafield><datafield ind1=" " ind2="7" tag="650"><subfield code="a">PUBLIKATIONEN ZU TEMPORÄREN AUSSTELLUNGEN</subfield><subfield code="9">ger</subfield><subfield code="0">(ETHUDK)000009298</subfield><subfield code="2">ethudk</subfield></datafield><datafield ind1=" " ind2="7" tag="650"><subfield code="a">REFORMATION/EPOCHE, 1517-1555 (GESCHICHTE)</subfield><subfield code="9">ger</subfield><subfield code="0">(ETHUDK)000036828</subfield><subfield code="2">ethudk</subfield></datafield><datafield ind1=" " ind2="7" tag="651"><subfield code="a">Europe</subfield><subfield code="0">(IDREF)027224651</subfield><subfield code="2">idref</subfield></datafield><datafield ind1=" " ind2="7" tag="655"><subfield code="a">Catalogues d'exposition</subfield><subfield code="0">(IDREF)027320456</subfield><subfield code="2">idref</subfield></datafield><datafield ind1=" " ind2="7" tag="655"><subfield code="a">Ausstellungskatalog</subfield><subfield code="2">gnd-content</subfield></datafield><datafield ind1=" " ind2="7" tag="655"><subfield code="a">Ausstellungskatalog</subfield><subfield code="z">Bern</subfield><subfield code="y">2000</subfield><subfield code="2">gnd-content</subfield></datafield><datafield ind1=" " ind2="7" tag="655"><subfield code="a">Katalog</subfield><subfield code="2">gnd-content</subfield></datafield><datafield ind1=" " ind2="7" tag="655"><subfield code="a">Ausstellungskatalog</subfield><subfield code="z">Bern</subfield><subfield code="y">2000-2001</subfield><subfield code="2">gnd-content</subfield></datafield><datafield ind1=" " ind2="7" tag="655"><subfield code="a">Ausstellung</subfield><subfield code="2">idszbz</subfield></datafield><datafield ind1=" " ind2=" " tag="690"><subfield code="a">Kunstobjekt - Spätmittelalter - 1400-1500 [Katalog]</subfield><subfield code="2">ubs-A8</subfield></datafield><datafield ind1=" " ind2=" " tag="690"><subfield code="a">religiöses Objekt - Spätmittelalter - 1400-1500 [Katalog]</subfield><subfield code="2">ubs-A8</subfield></datafield><datafield ind1=" " ind2=" " tag="690"><subfield code="a">Schweiz - Bern (Kanton) - Bern (Stadt) [Katalog]</subfield><subfield code="2">ubs-A8</subfield></datafield><datafield ind1=" " ind2=" " tag="690"><subfield code="a">Schweiz - Bern (Kanton) - Münsterplattform [Katalog]</subfield><subfield code="2">ubs-A8</subfield></datafield><datafield ind1=" " ind2=" " tag="690"><subfield code="a">Spätmittelalter - 1400-1500 - Schweiz [Katalog]</subfield><subfield code="2">ubs-A8</subfield></datafield><datafield ind1=" " ind2=" " tag="690"><subfield code="a">Bernisches Historisches Museum, Ausstellungen 2000/01</subfield><subfield code="2">ube-BE</subfield></datafield><datafield ind1=" " ind2=" " tag="690"><subfield code="a">Museen, Bernisches Historisches Museum, Ausstellungen 2000/01</subfield><subfield code="2">ube-BE</subfield></datafield><datafield ind1=" " ind2=" " tag="690"><subfield code="a">Bern Stadt, Historisches Museum, Ausstellungen 2000/01</subfield><subfield code="2">ube-BC</subfield></datafield><datafield ind1=" " ind2=" " tag="690"><subfield code="a">Bern Stadt, Gerechtigkeitsbrunnen</subfield><subfield code="2">ube-BC</subfield></datafield><datafield ind1=" " ind2=" " tag="690"><subfield code="a">Bern Stadt, Brunnen, Gerechtigkeitsbrunnen</subfield><subfield code="2">ube-BC</subfield></datafield><datafield ind1=" " ind2=" " tag="690"><subfield code="a">Diesbach, von, Familie, Wappen</subfield><subfield code="2">ube-BD</subfield></datafield><datafield ind1=" " ind2=" " tag="690"><subfield code="a">Diesbach, Niklaus von (1430-1475), Wappentafel</subfield><subfield code="2">ube-BD</subfield></datafield><datafield ind1=" " ind2=" " tag="690"><subfield code="a">Kirche, katholische, Allgemeines, Geschichte, 15. Jh.</subfield><subfield code="2">ube-BE</subfield></datafield><datafield ind1=" " ind2=" " tag="690"><subfield code="a">Kirche, katholische, Allgemeines, Geschichte, 16. Jh.</subfield><subfield code="2">ube-BE</subfield></datafield><datafield ind1=" " ind2=" " tag="690"><subfield code="a">Reformation, Bildersturm</subfield><subfield code="2">ube-BE</subfield></datafield><datafield ind1=" " ind2=" " tag="690"><subfield code="a">Reformation Bildersturm</subfield><subfield code="2">bsb-BB</subfield></datafield><datafield ind1=" " ind2=" " tag="690"><subfield code="a">Reformation Schweiz Bildersturm</subfield><subfield code="2">bsb-BB</subfield></datafield><datafield ind1=" " ind2=" " tag="690"><subfield code="a">Bildersturm</subfield><subfield code="2">bsb-BB</subfield></datafield><datafield ind1=" " ind2=" " tag="690"><subfield code="a">Ikonoklasmus</subfield><subfield code="2">bsb-BB</subfield></datafield><datafield ind1=" " ind2=" " tag="690"><subfield code="a">Thun Stadt, Allmendingen, Römerzeit, Tempelbezirk, Jupiter</subfield><subfield code="2">ube-BC</subfield></datafield><datafield ind1=" " ind2=" " tag="690"><subfield code="a">Römerzeit, Thun-Allmendingen, Tempelbezirk, Jupiter</subfield><subfield code="2">ube-BE</subfield></datafield><datafield ind1=" " ind2=" " tag="690"><subfield code="a">Murten, Schlacht</subfield><subfield code="2">ube-BC</subfield></datafield><datafield ind1=" " ind2=" " tag="690"><subfield code="a">Ikonoklasmus</subfield><subfield code="2">ubs-A5</subfield></datafield><datafield ind1=" " ind2=" " tag="690"><subfield code="a">Bildersturm; Museum; Präsident; Kult; Institution; Führungskräfte; Gott; Zusammenarbeit; Bern; Nürnberg; Trient; Kulturstiftung; Reformation; Zerstörung; Werk</subfield><subfield code="2">idssg-J</subfield></datafield><datafield ind1=" " ind2=" " tag="690"><subfield code="a">Bilderkult; Stadtpräsidentin; Aufsichtskommission; Bundesrätin; Franz-Josef; Notre-Dame; Scheideweg</subfield><subfield code="2">idssg-J</subfield></datafield><datafield ind1=" " ind2=" " tag="690"><subfield code="a">bernisches Museum; gemeiner Mann; gutes Werk; historisches Museum; leihgebende Institution; private Devotion; reformatorischer Bildersturm; straßburger Museum; zweiter Bildersturm</subfield><subfield code="2">idssg-J</subfield></datafield><datafield ind1=" " ind2=" " tag="690"><subfield code="a">Frankreich C4EUFR; Schweiz C4EXSI; Niederlande C4EUNE; Italien C4EUIT; Deutschland C4EUGE; Bayern C4EUGE</subfield><subfield code="2">idssg-J</subfield></datafield><datafield ind1=" " ind2=" " tag="690"><subfield code="a">Beat Hodler; bernisch Historischen Museums Fabrice Hergott; Bild Olivier Christin Frankreich; Bilderkult Bildersturm Peter Jezler; Bildersturm Norbert Schnitzler Wittenberg; Bildersturm Franz-Josef Sladeczek Bern; Bundesrätin Catherine Trautrnann; Einführung Jean Wirth Johannes Tripps Soll; Gabriele Keck; Gott Wille; Gudrun Litz; Helvetia; Heräusgeberin Herausgeber Leihgebende Institutionen; historisch Museum Musee; Luis Städteporträts; Mario Annoni; Peter Jezler Jean Wirth Zusammenarbeit; Ruth Dreifuss; Schweizer Kulturstiftung Cecile Dupeux; Sergiusz Michalski; straßburger Museen Christoph Eggenberger; Susan Marti</subfield><subfield code="2">idssg-J</subfield></datafield><datafield ind1=" " ind2=" " tag="690"><subfield code="a">Kunst</subfield><subfield code="2">fhnw-E8</subfield></datafield><datafield ind1=" " ind2=" " tag="690"><subfield code="a">Religion</subfield><subfield code="2">fhnw-E8</subfield></datafield><datafield ind1=" " ind2=" " tag="690"><subfield code="a">Geschichte</subfield><subfield code="x">Mittelalter</subfield><subfield code="2">fhnw-E8</subfield></datafield><datafield ind1=" " ind2=" " tag="690"><subfield code="a">Geschichte 1500-1600</subfield><subfield code="2">fhnw-E8</subfield></datafield><datafield ind1=" " ind2=" " tag="690"><subfield code="a">Ikonoklasmus</subfield><subfield code="2">uzb-US</subfield></datafield><datafield ind1=" " ind2=" " tag="690"><subfield code="a">Ausstellung. Schweiz. Bern. Bernisches Historisches Museum</subfield><subfield code="2">uzb-US</subfield></datafield><datafield ind1=" " ind2=" " tag="690"><subfield code="a">Ausstellung. Frankreich. Strassburg. Musée de l'Oeuvre Notre-Dame</subfield><subfield code="2">uzb-US</subfield></datafield><datafield ind1=" " ind2=" " tag="690"><subfield code="a">Bildkult</subfield><subfield code="2">uzb-US</subfield></datafield><datafield ind1=" " ind2=" " tag="690"><subfield code="a">Religiosität. Mittelalter</subfield><subfield code="2">uzb-US</subfield></datafield><datafield ind1=" " ind2=" " tag="690"><subfield code="a">Reformation. Allgemein</subfield><subfield code="2">uzb-US</subfield></datafield><datafield ind1=" " ind2=" " tag="690"><subfield code="a">Frömmigkeit. Mittelalter</subfield><subfield code="2">uzb-US</subfield></datafield><datafield ind1=" " ind2=" " tag="690"><subfield code="a">1500-1600</subfield><subfield code="2">uzb-UG</subfield></datafield><datafield ind1=" " ind2=" " tag="690"><subfield code="a">Reformation</subfield><subfield code="2">uzb-UG</subfield></datafield><datafield ind1=" " ind2=" " tag="690"><subfield code="a">Kirchenkunst</subfield><subfield code="2">uzb-UG</subfield></datafield><datafield ind1=" " ind2=" " tag="690"><subfield code="a">Kulturgeschichte</subfield><subfield code="2">uzb-UG</subfield></datafield><datafield ind1=" " ind2=" " tag="690"><subfield code="a">Kunstgeschichte</subfield><subfield code="2">uzb-UG</subfield></datafield><datafield ind1=" " ind2=" " tag="690"><subfield code="a">Bild</subfield><subfield code="2">uzb-UG</subfield></datafield><datafield ind1=" " ind2=" " tag="690"><subfield code="a">Gewalt</subfield><subfield code="2">uzb-UG</subfield></datafield><datafield ind1=" " ind2=" " tag="690"><subfield code="a">Revolution</subfield><subfield code="2">uzb-UG</subfield></datafield><datafield ind1=" " ind2=" " tag="690"><subfield code="a">Reformation</subfield><subfield code="2">rzh-UA</subfield></datafield><datafield ind1=" " ind2=" " tag="690"><subfield code="a">Religion, Kunst, Christentum, Reformation, Bildersturm</subfield><subfield code="2">rzh-WB</subfield></datafield><datafield ind1=" " ind2=" " tag="691"><subfield code="e">2.6.4.2</subfield><subfield code="2">ube-GA</subfield></datafield><datafield ind1="1" ind2=" " tag="700"><subfield code="a">Jezler, Peter</subfield><subfield code="0">(RERO)A003425484</subfield></datafield><datafield ind1="1" ind2=" " tag="700"><subfield code="a">Wirth, Jean</subfield><subfield code="d">1947-....</subfield><subfield code="0">(IDREF)027198510</subfield></datafield><datafield ind1="1" ind2=" " tag="700"><subfield code="a">Jezler, Peter</subfield></datafield><datafield ind1="1" ind2=" " tag="700"><subfield code="a">Glatz, Regula</subfield></datafield><datafield ind1="1" ind2=" " tag="700"><subfield code="a">Germann, Martin</subfield><subfield code="d">1942-</subfield><subfield code="0">(DE-588)1113680989</subfield></datafield><datafield ind1="1" ind2=" " tag="700"><subfield code="a">Sladeczek, Franz-Josef</subfield></datafield><datafield ind1="1" ind2=" " tag="700"><subfield code="a">Baeriswyl, Armand</subfield><subfield code="d">1962-</subfield><subfield code="0">(DE-588)124616127</subfield></datafield><datafield ind1="1" ind2=" " tag="700"><subfield code="a">Bachmann-Geiser, Brigitte</subfield><subfield code="d">1941-</subfield><subfield code="0">(DE-588)128955945</subfield></datafield><datafield ind1="1" ind2=" " tag="700"><subfield code="a">Keck, Gabriele</subfield></datafield><datafield ind1="1" ind2=" " tag="700"><subfield code="a">Dupeux, Cécile</subfield><subfield code="0">(IDREF)029755972</subfield></datafield><datafield ind1="2" ind2=" " tag="710"><subfield code="a">Bernisches Historisches Museum</subfield><subfield code="0">(DE-588)1007945-2</subfield></datafield><datafield ind1=" " ind2=" " tag="856"><subfield code="u">http://www.bhm.ch/de/ausstellungen_sonder_02d2.cfm</subfield><subfield code="z">Zugriff via World Wide Web</subfield></datafield><datafield ind1="4" ind2=" " tag="856"><subfield code="3">Inhaltsverzeichnis</subfield><subfield code="u">http://www.ub.unibas.ch/tox/IDSBB/002073697/PDF</subfield><subfield code="q">pdf</subfield></datafield><datafield ind1=" " ind2=" " tag="900"><subfield code="a">IDSAxvkvol</subfield></datafield><datafield ind1=" " ind2=" " tag="900"><subfield code="a">REROnoselfmerge</subfield></datafield><datafield ind1=" " ind2=" " tag="900"><subfield code="a">IDSE8703.3</subfield></datafield><datafield ind1=" " ind2=" " tag="900"><subfield code="a">IDSZ1ZH</subfield></datafield><datafield ind1=" " ind2=" " tag="900"><subfield code="a">IDSZ2zbzmon200012e</subfield><subfield code="c">IDSZ2geis</subfield><subfield code="d">IDSZ2zbzswk200012b</subfield><subfield code="e">IDSZ2genh</subfield></datafield><datafield ind1=" " ind2=" " tag="900"><subfield code="a">IDSZ2rwimon200209l</subfield><subfield code="c">IDSZ2buche</subfield></datafield><datafield ind1=" " ind2=" " tag="949"><subfield code="a">http://www.ub.unibas.ch/tox/IDSBB/002073697/PDF</subfield></datafield><datafield ind1=" " ind2=" " tag="993"><subfield code="a">BFLB 19852</subfield><subfield code="x">ge/ulha/a/00/1107</subfield><subfield code="9">LOCAL</subfield></datafield></record>
</metadata></record>