<record><header><identifier>oai:alma.41SLSP_UGE:991000776709705502</identifier><datestamp>2023-03-01T01:10:07Z</datestamp><setSpec>uge_bcen_RapidILL_BOOK</setSpec><setSpec>uge_aaca_RapidILL_BOOK</setSpec><setSpec>uge_abels_RapidILL_BOOK</setSpec><setSpec>uge_dbu_RapidILL_BOOK</setSpec><setSpec>uge_cmu_RapidILL_BOOK</setSpec><setSpec>uge_mail_RapidILL_BOOK</setSpec><setSpec>UNIGE_ALL</setSpec><setSpec>uge_abbat_RapidILL_BOOK</setSpec><setSpec>uge_acar_RapidILL_BOOK</setSpec><setSpec>uge_aobs_RapidILL_BOOK</setSpec></header><metadata>
<record xmlns="http://www.loc.gov/MARC21/slim" xmlns:xsi="http://www.w3.org/2001/XMLSchema-instance" xsi:schemaLocation="http://www.loc.gov/MARC21/slim http://www.loc.gov/standards/marcxml/schema/MARC21slim.xsd"><leader>02178nam a2200505 c 4500</leader><controlfield tag="001">991000776709705502</controlfield><controlfield tag="005">20201231132904.0</controlfield><controlfield tag="008">201011t19971997xxu||||| |||| 01| ||eng d</controlfield><datafield ind1=" " ind2=" " tag="010"><subfield code="a">91640741</subfield></datafield><datafield ind1=" " ind2=" " tag="020"><subfield code="a">0821808079</subfield></datafield><datafield ind1=" " ind2=" " tag="035"><subfield code="a">(swissbib)232042659-41slsp_network</subfield></datafield><datafield ind1=" " ind2=" " tag="035"><subfield code="a">232042659</subfield><subfield code="9">ExL</subfield></datafield><datafield ind1=" " ind2=" " tag="035"><subfield code="a">(RERO)R218644560-41slsp</subfield></datafield><datafield ind1=" " ind2=" " tag="035"><subfield code="a">(IDSBB)002460535DSV01</subfield></datafield><datafield ind1=" " ind2=" " tag="035"><subfield code="a">(NEBIS)001839401EBI01</subfield></datafield><datafield ind1=" " ind2=" " tag="035"><subfield code="a">(EXLNZ-41SLSP_NETWORK)991132210379705501</subfield></datafield><datafield ind1=" " ind2=" " tag="040"><subfield code="a">RERO geubib</subfield><subfield code="d">CH-ZuSLS</subfield></datafield><datafield ind1=" " ind2="7" tag="072"><subfield code="a">ma</subfield><subfield code="2">rero</subfield></datafield><datafield ind1=" " ind2="7" tag="072"><subfield code="a">mt</subfield><subfield code="2">SzZuIDS BS/BE</subfield></datafield><datafield ind1="1" ind2="4" tag="082"><subfield code="a">510</subfield><subfield code="2">15</subfield></datafield><datafield ind1=" " ind2=" " tag="084"><subfield code="a">00.04</subfield><subfield code="2">msc</subfield></datafield><datafield ind1=" " ind2=" " tag="084"><subfield code="a">57</subfield><subfield code="2">msc</subfield></datafield><datafield ind1=" " ind2=" " tag="084"><subfield code="a">SI 160</subfield><subfield code="2">rvk</subfield></datafield><datafield ind1="0" ind2="0" tag="245"><subfield code="a">Topics in singularity theory</subfield><subfield code="b">V.I. Arnold's 60th anniversary collection</subfield><subfield code="c">A. Khovanskiǐ, A. Varchenko, V. Vassiliev, ed.</subfield></datafield><datafield ind1=" " ind2="1" tag="264"><subfield code="a">Providence R.I.</subfield><subfield code="b">American Mathematical Society</subfield><subfield code="c">[1997]</subfield></datafield><datafield ind1=" " ind2="4" tag="264"><subfield code="c">© 1997</subfield></datafield><datafield ind1=" " ind2=" " tag="300"><subfield code="a">XIII, 255 p.</subfield><subfield code="b">portr.</subfield><subfield code="c">26 cm</subfield></datafield><datafield ind1=" " ind2=" " tag="336"><subfield code="b">txt</subfield><subfield code="2">rdacontent</subfield></datafield><datafield ind1=" " ind2=" " tag="337"><subfield code="b">n</subfield><subfield code="2">rdamedia</subfield></datafield><datafield ind1=" " ind2=" " tag="338"><subfield code="b">nc</subfield><subfield code="2">rdacarrier</subfield></datafield><datafield ind1="1" ind2=" " tag="490"><subfield code="a">American Mathematical Society translations. Series 2</subfield><subfield code="v">vol. 180</subfield></datafield><datafield ind1="1" ind2=" " tag="490"><subfield code="a">Advances in the mathematical sciences</subfield><subfield code="v">34</subfield></datafield><datafield ind1="1" ind2="7" tag="600"><subfield code="a">Arnolʹd, V. I.</subfield><subfield code="d">1937-2010</subfield><subfield code="0">(DE-588)119540878</subfield><subfield code="2">gnd</subfield></datafield><datafield ind1=" " ind2="7" tag="650"><subfield code="a">FESTSCHRIFTEN, GEDENKSCHRIFTEN FÜR PERSONEN (DOKUMENTENTYP)</subfield><subfield code="9">ger</subfield><subfield code="0">(ETHUDK)000009348</subfield><subfield code="2">ethudk</subfield></datafield><datafield ind1=" " ind2="7" tag="650"><subfield code="a">HAMILTONSCHE GLEICHUNGEN, HAMILTONSCHER FORMALISMUS (MECHANIK)</subfield><subfield code="9">ger</subfield><subfield code="0">(ETHUDK)000014344</subfield><subfield code="2">ethudk</subfield></datafield><datafield ind1=" " ind2="7" tag="650"><subfield code="a">HOMÖOMORPHISMEN UND DIFFEOMORPHISMEN (TOPOLOGIE)</subfield><subfield code="9">ger</subfield><subfield code="0">(ETHUDK)000013030</subfield><subfield code="2">ethudk</subfield></datafield><datafield ind1=" " ind2="7" tag="655"><subfield code="a">Festschrift</subfield><subfield code="2">gnd-content</subfield></datafield><datafield ind1=" " ind2=" " tag="690"><subfield code="a">57-XX</subfield><subfield code="d">Manifolds and cell complexes [For complex manifolds, see 32C10]</subfield><subfield code="2">uzb-UT</subfield></datafield><datafield ind1="1" ind2=" " tag="700"><subfield code="a">Chovanskij, Askolʹd Georgievič</subfield><subfield code="0">(DE-588)1087635292</subfield></datafield><datafield ind1="1" ind2=" " tag="700"><subfield code="a">Arnolʹd, V. I.</subfield><subfield code="d">1937-2010</subfield><subfield code="0">(DE-588)119540878</subfield></datafield><datafield ind1="1" ind2=" " tag="700"><subfield code="a">Chovanskij, Askolʹd G.</subfield><subfield code="d">1947-</subfield><subfield code="0">(DE-588)1064596754</subfield></datafield><datafield ind1="1" ind2=" " tag="700"><subfield code="a">Khovanskij, A</subfield><subfield code="0">(RERO)A003452522</subfield></datafield><datafield ind1="1" ind2=" " tag="700"><subfield code="a">Arnold, Vladimir Igorevich</subfield><subfield code="d">1937-2010</subfield><subfield code="0">(IDREF)026691434</subfield></datafield><datafield ind1=" " ind2=" " tag="830"><subfield code="a">Translations</subfield><subfield code="g">American Mathematical Society</subfield><subfield code="p">Series 2</subfield><subfield code="v">180</subfield><subfield code="w">(RERO)0702544-41slsp</subfield></datafield><datafield ind1=" " ind2=" " tag="830"><subfield code="a">Advances in the mathematical sciences</subfield><subfield code="v">34</subfield><subfield code="w">(NEBIS)001648647EBI01</subfield></datafield><datafield ind1=" " ind2=" " tag="900"><subfield code="a">REROnoselfmerge</subfield></datafield></record>
</metadata></record>