<record><header><identifier>oai:alma.41SLSP_UGE:991000776289705502</identifier><datestamp>2023-04-01T00:11:04Z</datestamp><setSpec>uge_bcen_RapidILL_BOOK</setSpec><setSpec>uge_aaca_RapidILL_BOOK</setSpec><setSpec>uge_abels_RapidILL_BOOK</setSpec><setSpec>uge_dbu_RapidILL_BOOK</setSpec><setSpec>uge_cmu_RapidILL_BOOK</setSpec><setSpec>uge_mail_RapidILL_BOOK</setSpec><setSpec>uge_abbat_RapidILL_BOOK</setSpec><setSpec>UNIGE_ALL</setSpec><setSpec>uge_acar_RapidILL_BOOK</setSpec><setSpec>uge_aobs_RapidILL_BOOK</setSpec></header><metadata>
<record xmlns="http://www.loc.gov/MARC21/slim" xmlns:xsi="http://www.w3.org/2001/XMLSchema-instance" xsi:schemaLocation="http://www.loc.gov/MARC21/slim http://www.loc.gov/standards/marcxml/schema/MARC21slim.xsd"><leader>03144nam a2200661uc 4500</leader><controlfield tag="001">991000776289705502</controlfield><controlfield tag="005">20230331212532.0</controlfield><controlfield tag="008">201011t19881988ne ||||| |||| 10| ||eng d</controlfield><datafield ind1=" " ind2=" " tag="010"><subfield code="a">87016576</subfield></datafield><datafield ind1=" " ind2=" " tag="020"><subfield code="a">9027725241</subfield></datafield><datafield ind1="7" ind2=" " tag="024"><subfield code="a">http://catalogue.bnf.fr/ark:/12148/cb37432465t</subfield><subfield code="2">uri</subfield></datafield><datafield ind1=" " ind2=" " tag="035"><subfield code="a">(swissbib)223188573-41slsp_network</subfield></datafield><datafield ind1=" " ind2=" " tag="035"><subfield code="a">223188573</subfield><subfield code="9">ExL</subfield></datafield><datafield ind1=" " ind2=" " tag="035"><subfield code="a">(IDSBB)000370567DSV01</subfield></datafield><datafield ind1=" " ind2=" " tag="035"><subfield code="a">(RERO)1124128-41slsp</subfield></datafield><datafield ind1=" " ind2=" " tag="035"><subfield code="a">(NEBIS)000469603EBI01</subfield></datafield><datafield ind1=" " ind2=" " tag="035"><subfield code="a">(EXLNZ-41SLSP_NETWORK)991000683949705501</subfield></datafield><datafield ind1=" " ind2=" " tag="040"><subfield code="a">SzZuIDS BS/BE B452</subfield><subfield code="b">ger</subfield><subfield code="e">kids</subfield><subfield code="d">CH-ZuSLS</subfield></datafield><datafield ind1=" " ind2=" " tag="044"><subfield code="a">ne</subfield><subfield code="a">xxk</subfield></datafield><datafield ind1=" " ind2="7" tag="072"><subfield code="a">ge</subfield><subfield code="2">SzZuIDS BS/BE</subfield></datafield><datafield ind1=" " ind2="7" tag="072"><subfield code="a">nw</subfield><subfield code="2">SzZuIDS BS/BE</subfield></datafield><datafield ind1=" " ind2="7" tag="072"><subfield code="a">st</subfield><subfield code="2">rero</subfield></datafield><datafield ind1="1" ind2="4" tag="082"><subfield code="a">500</subfield><subfield code="2">15</subfield></datafield><datafield ind1="0" ind2="0" tag="245"><subfield code="a">Natural and man-made hazards</subfield><subfield code="b">proceedings of the International Symposium held at Rimouski, Quebec, Canada, 3-9 August, 1986</subfield><subfield code="c">ed. by M. I. El-Sabh and T. S. Murty</subfield></datafield><datafield ind1=" " ind2="1" tag="264"><subfield code="a">Dordrecht [etc.]</subfield><subfield code="b">D. Reidel</subfield><subfield code="c">1988</subfield></datafield><datafield ind1=" " ind2="4" tag="264"><subfield code="c">© 1988</subfield></datafield><datafield ind1=" " ind2=" " tag="300"><subfield code="a">XI, 894 p.</subfield><subfield code="b">fig., tabl.</subfield><subfield code="c">25 cm</subfield></datafield><datafield ind1=" " ind2=" " tag="336"><subfield code="b">txt</subfield><subfield code="2">rdacontent</subfield></datafield><datafield ind1=" " ind2=" " tag="337"><subfield code="b">n</subfield><subfield code="2">rdamedia</subfield></datafield><datafield ind1=" " ind2=" " tag="338"><subfield code="b">nc</subfield><subfield code="2">rdacarrier</subfield></datafield><datafield ind1=" " ind2=" " tag="500"><subfield code="a">Zitierter Kongressname: Rimouski International Symposium on Natural and Man-made Hazards</subfield></datafield><datafield ind1=" " ind2=" " tag="500"><subfield code="a">Vornamen auch: Mohammed I. El-Sabh</subfield></datafield><datafield ind1=" " ind2=" " tag="504"><subfield code="a">Bibliogr</subfield></datafield><datafield ind1=" " ind2="7" tag="650"><subfield code="a">Naturgefahr</subfield><subfield code="v">Kongressbericht</subfield><subfield code="2">idsbb</subfield></datafield><datafield ind1=" " ind2="7" tag="650"><subfield code="a">Géologie</subfield><subfield code="0">(IDREF)027227987</subfield><subfield code="2">idref</subfield></datafield><datafield ind1=" " ind2="7" tag="650"><subfield code="a">Pollution</subfield><subfield code="0">(IDREF)027243206</subfield><subfield code="2">idref</subfield></datafield><datafield ind1=" " ind2="7" tag="650"><subfield code="a">risque industriel</subfield><subfield code="0">(RERO)A010141336</subfield><subfield code="2">rerovoc</subfield></datafield><datafield ind1=" " ind2="7" tag="650"><subfield code="a">Écologie</subfield><subfield code="0">(IDREF)027232700</subfield><subfield code="2">idref</subfield></datafield><datafield ind1=" " ind2="7" tag="650"><subfield code="a">Risques naturels</subfield><subfield code="0">(IDREF)09760402X</subfield><subfield code="2">idref</subfield></datafield><datafield ind1=" " ind2="7" tag="650"><subfield code="a">EISBERGE (GLAZIOLOGIE)</subfield><subfield code="9">ger</subfield><subfield code="0">(ETHUDK)000020078</subfield><subfield code="2">ethudk</subfield></datafield><datafield ind1=" " ind2="7" tag="650"><subfield code="a">GEOLOGISCHE WIRKUNGEN VON MENSCHEN (GEOBIOLOGIE)</subfield><subfield code="9">ger</subfield><subfield code="0">(ETHUDK)000019933</subfield><subfield code="2">ethudk</subfield></datafield><datafield ind1=" " ind2="7" tag="650"><subfield code="a">KLIMATOLOGIE</subfield><subfield code="9">ger</subfield><subfield code="0">(ETHUDK)000020411</subfield><subfield code="2">ethudk</subfield></datafield><datafield ind1=" " ind2="7" tag="650"><subfield code="a">LUFTVERUNREINIGUNG (UMWELTPROBLEME)</subfield><subfield code="9">ger</subfield><subfield code="0">(ETHUDK)000012437</subfield><subfield code="2">ethudk</subfield></datafield><datafield ind1=" " ind2="7" tag="650"><subfield code="a">MEERESBIOLOGIE + MEERESÖKOLOGIE (ÖKOLOGIE)</subfield><subfield code="9">ger</subfield><subfield code="0">(ETHUDK)000021453</subfield><subfield code="2">ethudk</subfield></datafield><datafield ind1=" " ind2="7" tag="650"><subfield code="a">NATURGEFAHREN + NATURKATASTROPHEN</subfield><subfield code="9">ger</subfield><subfield code="0">(ETHUDK)000039460</subfield><subfield code="2">ethudk</subfield></datafield><datafield ind1=" " ind2="7" tag="650"><subfield code="a">STURMFLUT (HYDROLOGIE)</subfield><subfield code="9">ger</subfield><subfield code="0">(ETHUDK)000020821</subfield><subfield code="2">ethudk</subfield></datafield><datafield ind1=" " ind2="7" tag="650"><subfield code="a">TSUNAMI (GEOPHYSIK)</subfield><subfield code="9">ger</subfield><subfield code="0">(ETHUDK)000019869</subfield><subfield code="2">ethudk</subfield></datafield><datafield ind1=" " ind2="7" tag="650"><subfield code="a">UNPERIODISCHE SCHWANKUNG DES MEERESSPIEGELS (OZEANOGRAPHIE)</subfield><subfield code="9">ger</subfield><subfield code="0">(ETHUDK)000039384</subfield><subfield code="2">ethudk</subfield></datafield><datafield ind1=" " ind2="7" tag="650"><subfield code="a">WASSERVERUNREINIGUNG + GEWÄSSERVERUNREINIGUNG (UMWELTPROBLEME)</subfield><subfield code="9">ger</subfield><subfield code="0">(ETHUDK)000012445</subfield><subfield code="2">ethudk</subfield></datafield><datafield ind1=" " ind2="7" tag="655"><subfield code="a">Konferenzschrift</subfield><subfield code="z">Rimouski</subfield><subfield code="y">1986</subfield><subfield code="2">gnd-content</subfield></datafield><datafield ind1=" " ind2="7" tag="655"><subfield code="a">Konferenzschrift</subfield><subfield code="z">Rimouski (Qué.)</subfield><subfield code="y">1986/08</subfield><subfield code="2">gnd-content</subfield></datafield><datafield ind1="1" ind2=" " tag="700"><subfield code="a">El-Sabh, Mohammed I</subfield><subfield code="d">1939-....</subfield><subfield code="0">(IDREF)057149666</subfield></datafield><datafield ind1="1" ind2=" " tag="700"><subfield code="a">Murty, T.S.</subfield></datafield><datafield ind1="1" ind2=" " tag="700"><subfield code="a">El-Sabh, Mohammed I.</subfield><subfield code="0">(DE-588)112451977</subfield></datafield><datafield ind1="2" ind2=" " tag="711"><subfield code="a">International Symposium on Natural and Man-made Hazards</subfield><subfield code="d">1986</subfield><subfield code="c">Rimouski</subfield><subfield code="0">(RERO)A024187192</subfield></datafield><datafield ind1="2" ind2=" " tag="711"><subfield code="a">Rimouski International Symposium on Natural and Man-made Hazards</subfield><subfield code="0">(DE-588)1091689652</subfield></datafield><datafield ind1="2" ind2=" " tag="711"><subfield code="a">International Symposium on Natural and Man-made Hazards</subfield><subfield code="0">(DE-588)1091790221</subfield><subfield code="6">880-05</subfield></datafield><datafield ind1="2" ind2=" " tag="880"><subfield code="a">International Symposium on Natural and Man-Made Hazards</subfield><subfield code="0">(DE-588)1092282556</subfield><subfield code="6">711-05</subfield></datafield><datafield ind1=" " ind2=" " tag="900"><subfield code="a">REROnoselfmerge</subfield></datafield></record>
</metadata></record>