<record><header><identifier>oai:alma.41SLSP_UGE:991000776299705502</identifier><datestamp>2024-04-06T00:26:26Z</datestamp><setSpec>uge_cmu_RapidILL_JOURNAL</setSpec><setSpec>uge_aobs_RapidILL_JOURNAL</setSpec><setSpec>uge_aaca_RapidILL_JOURNAL</setSpec><setSpec>uge_abbat_RapidILL_JOURNAL</setSpec><setSpec>uge_bcen_RapidILL_JOURNAL</setSpec><setSpec>uge_mail_RapidILL_JOURNAL</setSpec><setSpec>uge_dbu_RapidILL_JOURNAL</setSpec><setSpec>uge_abels_RapidILL_JOURNAL</setSpec><setSpec>UNIGE_ALL</setSpec><setSpec>uge_acar_RapidILL_JOURNAL</setSpec></header><metadata>
<record xmlns="http://www.loc.gov/MARC21/slim" xmlns:xsi="http://www.w3.org/2001/XMLSchema-instance" xsi:schemaLocation="http://www.loc.gov/MARC21/slim http://www.loc.gov/standards/marcxml/schema/MARC21slim.xsd"><leader>03156nas a2200637uc 4500</leader><controlfield tag="001">991000776299705502</controlfield><controlfield tag="005">20210207173133.0</controlfield><controlfield tag="008">201011d19121985gw || p|      0   ||ger|d</controlfield><datafield ind1="7" ind2=" " tag="016"><subfield code="a">205169-2</subfield><subfield code="2">ZDB</subfield></datafield><datafield ind1=" " ind2=" " tag="022"><subfield code="a">0039-2073</subfield></datafield><datafield ind1=" " ind2=" " tag="035"><subfield code="a">(swissbib)229909450-41slsp_network</subfield></datafield><datafield ind1=" " ind2=" " tag="035"><subfield code="a">229909450</subfield><subfield code="9">ExL</subfield></datafield><datafield ind1=" " ind2=" " tag="035"><subfield code="a">(NEBIS)000055713EBI01</subfield></datafield><datafield ind1=" " ind2=" " tag="035"><subfield code="a">(IDSBB)000013020DSV01</subfield></datafield><datafield ind1=" " ind2=" " tag="035"><subfield code="a">(RERO)0702657-41slsp</subfield></datafield><datafield ind1=" " ind2=" " tag="035"><subfield code="a">(EXLNZ-41SLSP_NETWORK)991114198319705501</subfield></datafield><datafield ind1=" " ind2=" " tag="040"><subfield code="a">ETH-BIB</subfield><subfield code="b">ger</subfield><subfield code="e">ETHICS-ISBD</subfield><subfield code="d">CH-ZuSLS</subfield></datafield><datafield ind1=" " ind2="7" tag="072"><subfield code="a">me</subfield><subfield code="2">SzZuIDS BS/BE</subfield></datafield><datafield ind1=" " ind2="7" tag="072"><subfield code="a">me</subfield><subfield code="2">rero</subfield></datafield><datafield ind1="1" ind2="4" tag="082"><subfield code="a">610</subfield><subfield code="2">15</subfield></datafield><datafield ind1="0" ind2=" " tag="210"><subfield code="a">Strahlentherapie</subfield><subfield code="b">Münch.</subfield></datafield><datafield ind1="0" ind2="0" tag="245"><subfield code="a">Strahlentherapie</subfield><subfield code="b">Archiv für die klinische und experimentelle Strahlenheilkunde : Röntgenstrahlen - Radium und radioaktive Isotope - Licht : zugleich Zeitschrift für Krebsbekämpfung : Organ der Deutschen Röntgen-Gesellschaft &amp; der Gesellschaft für Lichtforschung &amp; des Deutschen Zentralausschusses für Krebsbekämpfung und Krebsforschung</subfield></datafield><datafield ind1=" " ind2="1" tag="264"><subfield code="a">München</subfield><subfield code="b">Urban &amp; Schwarzenberg</subfield></datafield><datafield ind1=" " ind2=" " tag="300"><subfield code="c">24 [puis] 28 cm</subfield></datafield><datafield ind1=" " ind2=" " tag="310"><subfield code="a">Monatlich</subfield></datafield><datafield ind1=" " ind2=" " tag="336"><subfield code="b">txt</subfield><subfield code="2">rdacontent</subfield></datafield><datafield ind1=" " ind2=" " tag="337"><subfield code="b">n</subfield><subfield code="2">rdamedia</subfield></datafield><datafield ind1=" " ind2=" " tag="338"><subfield code="b">nc</subfield><subfield code="2">rdacarrier</subfield></datafield><datafield ind1="0" ind2=" " tag="362"><subfield code="a">Bd. 1(1912) - Bd. 75, H. 3(1944) ; Bd. 76(1947) - Bd. 161(1985)</subfield></datafield><datafield ind1=" " ind2=" " tag="500"><subfield code="a">Mit wechselndem Untertitel</subfield></datafield><datafield ind1=" " ind2=" " tag="500"><subfield code="a">Bd. 7(1916) mit Sach- u. Namenregister zu Bd. 1-6</subfield></datafield><datafield ind1=" " ind2=" " tag="500"><subfield code="a">Bd. 25(1927) mit Register zu Bd. 1.25</subfield></datafield><datafield ind1=" " ind2=" " tag="500"><subfield code="a">Bd. 50(1934) mit Gesamtinhaltsverzeichnis zu Bd. 1-50</subfield></datafield><datafield ind1=" " ind2=" " tag="500"><subfield code="a">Bd. 80(1949) enth.: System. Inhaltsverz. zu Bd. 1-80</subfield></datafield><datafield ind1=" " ind2=" " tag="500"><subfield code="a">Bd. 100(1956) enth.: Gesamtinhaltsverzeichnis zu Bd. 51-100, System. Inhaltsverz. zu Bd. 81-100</subfield></datafield><datafield ind1=" " ind2=" " tag="500"><subfield code="a">Bd. 125(1964) mit Gesamtregister zu Bd. 101-125</subfield></datafield><datafield ind1=" " ind2=" " tag="500"><subfield code="a">Organ der Deutschen Röntgengesellschaft ... et al</subfield></datafield><datafield ind1=" " ind2=" " tag="500"><subfield code="a">Le sous-titre varie</subfield></datafield><datafield ind1="0" ind2="0" tag="505"><subfield code="g">Beilage</subfield><subfield code="t">DRG-Informationen</subfield><subfield code="t">Informationen / Deutsche Röntgen-Gesellschaft</subfield></datafield><datafield ind1=" " ind2=" " tag="580"><subfield code="a">Devient: Strahlentherapie und Onkologie</subfield></datafield><datafield ind1=" " ind2=" " tag="580"><subfield code="a">A pour suppl.: Supplements to Strahlentherapie = Sonderbände zur Strahlentherapie</subfield></datafield><datafield ind1=" " ind2="7" tag="650"><subfield code="a">NUKLEARMEDIZIN + RADIOMEDIZIN</subfield><subfield code="9">ger</subfield><subfield code="0">(ETHUDK)000026872</subfield><subfield code="2">ethudk</subfield></datafield><datafield ind1=" " ind2="7" tag="650"><subfield code="a">Strahlentherapie</subfield><subfield code="v">Zeitschrift</subfield><subfield code="2">idsbb</subfield></datafield><datafield ind1=" " ind2="2" tag="650"><subfield code="a">Radiotherapy</subfield></datafield><datafield ind1=" " ind2="2" tag="650"><subfield code="a">Medical Oncology</subfield></datafield><datafield ind1=" " ind2="7" tag="655"><subfield code="a">Zeitschrift</subfield><subfield code="2">gnd-content</subfield></datafield><datafield ind1=" " ind2="2" tag="655"><subfield code="a">Periodical</subfield></datafield><datafield ind1="2" ind2=" " tag="710"><subfield code="a">Deutsche Gesellschaft für Lichtforschung</subfield><subfield code="0">(DE-588)2007457-8</subfield></datafield><datafield ind1="2" ind2=" " tag="710"><subfield code="a">Gesellschaft für Lichtforschung</subfield><subfield code="0">(DE-588)40445-7</subfield></datafield><datafield ind1="2" ind2=" " tag="710"><subfield code="a">Deutscher Zentralausschuss für Krebsbekämpfung und Krebsforschung</subfield><subfield code="0">(DE-588)40446-9</subfield></datafield><datafield ind1="2" ind2=" " tag="710"><subfield code="a">Deutsche Röntgengesellschaft</subfield><subfield code="0">(DE-588)2007917-5</subfield><subfield code="6">880-04</subfield></datafield><datafield ind1="2" ind2=" " tag="880"><subfield code="6">710-04</subfield><subfield code="a">Deutsche Röntgengesellschaft</subfield><subfield code="0">(IDREF)115431349</subfield></datafield><datafield ind1="0" ind2="0" tag="785"><subfield code="t">Strahlentherapie und Onkologie : Zeitschrift für Radioonkologie, Strahlenbiologie, Strahlenphysik</subfield><subfield code="w">(RERO)0702684-41slsp</subfield></datafield><datafield ind1="0" ind2="5" tag="780"><subfield code="t">Radium in Biologie und Heilkunde</subfield><subfield code="w">(IDSBB)003750286DSV01</subfield></datafield><datafield ind1="0" ind2=" " tag="770"><subfield code="t">Supplements to Strahlentherapie = Sonderbände zur Strahlentherapie</subfield><subfield code="w">(RERO)0388197-41slsp</subfield></datafield><datafield ind1=" " ind2=" " tag="900"><subfield code="a">NEBISnoselfmerge</subfield></datafield><datafield ind1=" " ind2=" " tag="900"><subfield code="a">REROnoselfmerge</subfield></datafield></record>
</metadata></record>