<record><header><identifier>oai:alma.41SLSP_UGE:991000776069705502</identifier><datestamp>2023-04-11T00:12:26Z</datestamp><setSpec>uge_bcen_RapidILL_BOOK</setSpec><setSpec>uge_aaca_RapidILL_BOOK</setSpec><setSpec>uge_abels_RapidILL_BOOK</setSpec><setSpec>uge_dbu_RapidILL_BOOK</setSpec><setSpec>uge_cmu_RapidILL_BOOK</setSpec><setSpec>uge_mail_RapidILL_BOOK</setSpec><setSpec>uge_abbat_RapidILL_BOOK</setSpec><setSpec>UNIGE_ALL</setSpec><setSpec>uge_acar_RapidILL_BOOK</setSpec><setSpec>uge_aobs_RapidILL_BOOK</setSpec></header><metadata>
<record xmlns="http://www.loc.gov/MARC21/slim" xmlns:xsi="http://www.w3.org/2001/XMLSchema-instance" xsi:schemaLocation="http://www.loc.gov/MARC21/slim http://www.loc.gov/standards/marcxml/schema/MARC21slim.xsd"><leader>04801nam a2200637 c 4500</leader><controlfield tag="001">991000776069705502</controlfield><controlfield tag="005">20230410154008.0</controlfield><controlfield tag="008">201012s2017    xxk||||| |||| 00| ||eng d</controlfield><datafield ind1=" " ind2=" " tag="020"><subfield code="a">1138918512</subfield><subfield code="q">hardback</subfield></datafield><datafield ind1=" " ind2=" " tag="020"><subfield code="a">9781138918511</subfield><subfield code="q">hardback</subfield></datafield><datafield ind1="7" ind2=" " tag="024"><subfield code="a">http://catalogue.bnf.fr/ark:/12148/cb451847555</subfield><subfield code="2">uri</subfield></datafield><datafield ind1=" " ind2=" " tag="035"><subfield code="a">(swissbib)242040691-41slsp_network</subfield></datafield><datafield ind1=" " ind2=" " tag="035"><subfield code="a">242040691</subfield><subfield code="9">ExL</subfield></datafield><datafield ind1=" " ind2=" " tag="035"><subfield code="a">(RERO)R008619766-41slsp</subfield></datafield><datafield ind1=" " ind2=" " tag="035"><subfield code="a">(NEBIS)010785135EBI01</subfield></datafield><datafield ind1=" " ind2=" " tag="035"><subfield code="a">(EXLNZ-41SLSP_NETWORK)991080387599705501</subfield></datafield><datafield ind1=" " ind2=" " tag="040"><subfield code="a">DKDLA</subfield><subfield code="b">dan</subfield><subfield code="d">CH-ZuSLS</subfield></datafield><datafield ind1="1" ind2="4" tag="050"><subfield code="a">HV888</subfield><subfield code="b">.E147 2017</subfield></datafield><datafield ind1=" " ind2="7" tag="072"><subfield code="a">pe</subfield><subfield code="2">rero</subfield></datafield><datafield ind1="1" ind2=" " tag="080"><subfield code="a">376.016</subfield></datafield><datafield ind1="0" ind2="0" tag="082"><subfield code="a">362.4083</subfield><subfield code="2">23</subfield></datafield><datafield ind1="1" ind2="4" tag="082"><subfield code="a">150</subfield><subfield code="2">15</subfield></datafield><datafield ind1="0" ind2="0" tag="245"><subfield code="a">Early childhood intervention</subfield><subfield code="b">working with families of young children with special needs</subfield><subfield code="c">edited by Hanan Sukkar... [ et al.]</subfield></datafield><datafield ind1=" " ind2="1" tag="264"><subfield code="a">Milton Park, Abingdon, Oxon</subfield><subfield code="b">Routledge</subfield><subfield code="c">2017</subfield></datafield><datafield ind1=" " ind2=" " tag="300"><subfield code="a">264 Seiten</subfield><subfield code="b">Illustrationen</subfield></datafield><datafield ind1=" " ind2=" " tag="336"><subfield code="b">txt</subfield><subfield code="2">rdacontent</subfield></datafield><datafield ind1=" " ind2=" " tag="337"><subfield code="b">n</subfield><subfield code="2">rdamedia</subfield></datafield><datafield ind1=" " ind2=" " tag="338"><subfield code="b">nc</subfield><subfield code="2">rdacarrier</subfield></datafield><datafield ind1="0" ind2=" " tag="490"><subfield code="a">Evolving families</subfield></datafield><datafield ind1=" " ind2=" " tag="504"><subfield code="a">Includes bibliographical references and index</subfield></datafield><datafield ind1="0" ind2=" " tag="505"><subfield code="a">Introduction -- Family systems and family-centred practices in early childhood intervention / Hanan Sukkar, Jane Kirkby and Carl J. Dunst -- Foundations for working with young children and their families -- Early intervention for young children with developmental delays : contributions of the developmental systems approach / Michael J. Guralnick -- Family systems early childhood intervention / Carl J. Dunst -- Desirable outcomes associated with family-centred practices for young children with disabilities / Dan Dempsey and Deb Keen -- Understanding families and family-early childhood practitioner relationships -- Family composition and family needs in Australia : what makes a family? / Sara Holman -- Reimagining family partnerships : shifting practice from a focus on disadvantage to a focus on engagement and empowerment / Anne Kennedy -- Working with families to develop parent-professional partnerships : implications for professional preparation / Hanan Sukkar -- Working with families and young children in Australia -- Working with families in early childhood intervention : family-centred practices in an individualised funding landscape / Christine Johnston, Denise Luscombe and Loraine Fordham -- Development of community-based services for children with disabilities and their families / John Forster -- Working with families in schools / Wendy Goff and June McLoughlin -- Working with families and young children in other countries -- Family systems and family-centred intervention practices in Portugal and Spain : Iberian reflections on early childhood intervention / Ana M. Serrano, Joana M. Mas, Margarita Cañadas and Climent Giné -- Implementing family-centred practices in childhood disability services in Manitoba, Canada / Diane Hiebert-Murphy, Barry Trute and Alexandra Wright -- Family experiences of early childhood intervention services for young children with speechand language needs in England / Carolyn Blackman -- Conclusions and future directions -- Contributions of family systems and family-centred practices for informing improvements in early childhood intervention / Carl J. Dunst, Hanan Sukkar, Jane Kirkby</subfield></datafield><datafield ind1=" " ind2="7" tag="650"><subfield code="a">Enfants handicapés</subfield><subfield code="0">(IDREF)027225305</subfield><subfield code="2">idref</subfield></datafield><datafield ind1=" " ind2="7" tag="650"><subfield code="a">Éducation préscolaire</subfield><subfield code="0">(IDREF)027232948</subfield><subfield code="2">idref</subfield></datafield><datafield ind1=" " ind2="7" tag="650"><subfield code="a">Parents d'enfants handicapés</subfield><subfield code="0">(IDREF)028695828</subfield><subfield code="2">idref</subfield></datafield><datafield ind1=" " ind2="7" tag="650"><subfield code="a">Intervention médicale précoce</subfield><subfield code="0">(IDREF)181255383</subfield><subfield code="2">idref</subfield></datafield><datafield ind1=" " ind2="7" tag="650"><subfield code="a">Rôle parental</subfield><subfield code="0">(IDREF)031661777</subfield><subfield code="2">idref</subfield></datafield><datafield ind1=" " ind2="7" tag="650"><subfield code="a">Renforcement (psychologie)</subfield><subfield code="0">(IDREF)033091900</subfield><subfield code="2">idref</subfield></datafield><datafield ind1=" " ind2="7" tag="650"><subfield code="a">Éducation spéciale</subfield><subfield code="0">(IDREF)04865163X</subfield><subfield code="2">idref</subfield></datafield><datafield ind1=" " ind2="0" tag="650"><subfield code="a">Child development</subfield></datafield><datafield ind1=" " ind2="0" tag="650"><subfield code="a">Child welfare</subfield></datafield><datafield ind1=" " ind2="0" tag="650"><subfield code="a">Children with disabilities</subfield><subfield code="x">Education (Preschool)</subfield></datafield><datafield ind1=" " ind2="0" tag="650"><subfield code="a">Children with disabilities</subfield><subfield code="x">Services for</subfield></datafield><datafield ind1=" " ind2="7" tag="650"><subfield code="a">Kleinkind</subfield><subfield code="0">(DE-588)4031081-4</subfield><subfield code="2">gnd</subfield></datafield><datafield ind1=" " ind2="7" tag="650"><subfield code="a">Entwicklung</subfield><subfield code="0">(DE-588)4113450-3</subfield><subfield code="2">gnd</subfield></datafield><datafield ind1=" " ind2="7" tag="650"><subfield code="a">Familienerziehung</subfield><subfield code="0">(DE-588)4016409-3</subfield><subfield code="2">gnd</subfield></datafield><datafield ind1=" " ind2="7" tag="650"><subfield code="a">Behinderung</subfield><subfield code="0">(DE-588)4112696-8</subfield><subfield code="2">gnd</subfield></datafield><datafield ind1=" " ind2="7" tag="655"><subfield code="a">[Études diverses]</subfield><subfield code="0">(RERO)A022249905</subfield><subfield code="2">rero</subfield></datafield><datafield ind1=" " ind2="7" tag="655"><subfield code="a">Aufsatzsammlung</subfield><subfield code="2">gnd-content</subfield></datafield><datafield ind1="1" ind2=" " tag="700"><subfield code="a">Dunst, Carl J.</subfield><subfield code="d">19..-....</subfield><subfield code="0">(IDREF)251581438</subfield><subfield code="4">ctb</subfield></datafield><datafield ind1="1" ind2=" " tag="700"><subfield code="a">Kirkby, Jane</subfield><subfield code="0">(RERO)A026917848</subfield><subfield code="4">ctb</subfield></datafield><datafield ind1="1" ind2=" " tag="700"><subfield code="a">Sukkar, Hanan</subfield><subfield code="0">(RERO)A026917849</subfield><subfield code="4">ctb</subfield></datafield><datafield ind1="4" ind2=" " tag="856"><subfield code="3">Titelblatt und Inhaltsverzeichnis</subfield><subfield code="u">https://toc.library.ethz.ch/objects/pdf03/z01_978-1-138-91851-1_01.pdf</subfield><subfield code="q">pdf</subfield></datafield><datafield ind1=" " ind2=" " tag="830"><subfield code="a">Evolving families</subfield><subfield code="v">1</subfield><subfield code="w">(NEBIS)010884580EBI01</subfield></datafield><datafield ind1=" " ind2=" " tag="900"><subfield code="a">REROnoselfmerge</subfield></datafield><datafield ind1=" " ind2=" " tag="900"><subfield code="a">IDSZ2zbzmon201704e</subfield><subfield code="c">IDSZ2dien</subfield><subfield code="d">IDSZ2zbzswk201704b</subfield><subfield code="e">IDSZ2baie</subfield></datafield><datafield ind1=" " ind2=" " tag="910"><subfield code="a">OCoLC</subfield><subfield code="b">20170324</subfield><subfield code="c">Droits réservés</subfield></datafield><datafield ind1=" " ind2=" " tag="949"><subfield code="a">https://toc.library.ethz.ch/objects/pdf03/z01_978-1-138-91851-1_01.pdf</subfield></datafield></record>
</metadata></record>