<record><header><identifier>oai:alma.41SLSP_UGE:991000776389705502</identifier><datestamp>2023-06-07T00:11:21Z</datestamp><setSpec>UNIGE_ALL</setSpec></header><metadata>
<record xmlns="http://www.loc.gov/MARC21/slim" xmlns:xsi="http://www.w3.org/2001/XMLSchema-instance" xsi:schemaLocation="http://www.loc.gov/MARC21/slim http://www.loc.gov/standards/marcxml/schema/MARC21slim.xsd"><leader>01125nim a2200289 c 4500</leader><controlfield tag="001">991000776389705502</controlfield><controlfield tag="005">20230606174026.0</controlfield><controlfield tag="007">ss |||||||||||</controlfield><controlfield tag="008">000812m19951996sz ||n||            rus d</controlfield><datafield ind1=" " ind2=" " tag="035"><subfield code="a">(swissbib)091730058-41slsp_network</subfield></datafield><datafield ind1=" " ind2=" " tag="035"><subfield code="a">091730058</subfield><subfield code="9">ExL</subfield></datafield><datafield ind1=" " ind2=" " tag="035"><subfield code="a">(RERO)2266239-41slsp</subfield></datafield><datafield ind1=" " ind2=" " tag="035"><subfield code="a">(EXLNZ-41SLSP_NETWORK)991154760739705501</subfield></datafield><datafield ind1=" " ind2=" " tag="040"><subfield code="a">RERO geumed</subfield><subfield code="d">CH-ZuSLS</subfield></datafield><datafield ind1=" " ind2=" " tag="044"><subfield code="a">sz</subfield><subfield code="c">ch-ge</subfield></datafield><datafield ind1=" " ind2="7" tag="072"><subfield code="a">ru</subfield><subfield code="2">rero</subfield></datafield><datafield ind1="1" ind2=" " tag="100"><subfield code="a">Popovitch, Miroslav</subfield><subfield code="0">(RERO)A003705348</subfield><subfield code="4">cre</subfield></datafield><datafield ind1="1" ind2="0" tag="245"><subfield code="a">&lt;&lt;La&gt;&gt; culture ukrainienne</subfield><subfield code="c">Miroslav Popovitch</subfield></datafield><datafield ind1=" " ind2="1" tag="264"><subfield code="a">Genève</subfield><subfield code="b">Laboratoire audiovisuel universitaire [prod.]</subfield><subfield code="c">1995-1996</subfield></datafield><datafield ind1=" " ind2=" " tag="300"><subfield code="a">11 cassettes sonores (env. 90 min. chacune)</subfield></datafield><datafield ind1=" " ind2=" " tag="336"><subfield code="b">spw</subfield><subfield code="2">rdacontent</subfield></datafield><datafield ind1=" " ind2=" " tag="337"><subfield code="b">s</subfield><subfield code="2">rdamedia</subfield></datafield><datafield ind1=" " ind2=" " tag="338"><subfield code="b">ss</subfield><subfield code="2">rdacarrier</subfield></datafield><datafield ind1=" " ind2=" " tag="500"><subfield code="a">Cours ex-cathedra de l'Université de Genève. Faculté des lettres. Département des langues et des littératures méditerranéennes, slaves et orientales. Unité de russe</subfield></datafield><datafield ind1=" " ind2=" " tag="500"><subfield code="a">Donné au semestre d'hiver 1995-1996</subfield></datafield><datafield ind1=" " ind2="7" tag="650"><subfield code="a">Culture</subfield><subfield code="0">(IDREF)027231429</subfield><subfield code="2">idref</subfield></datafield><datafield ind1=" " ind2="7" tag="651"><subfield code="a">Ukraine</subfield><subfield code="0">(IDREF)027308529</subfield><subfield code="2">idref</subfield></datafield><datafield ind1=" " ind2="7" tag="655"><subfield code="a">Audiocassettes</subfield><subfield code="0">(IDREF)027391361</subfield><subfield code="2">idref</subfield></datafield></record>
</metadata></record>