<record><header><identifier>oai:alma.41SLSP_UGE:991000775869705502</identifier><datestamp>2023-03-31T00:26:26Z</datestamp><setSpec>uge_bcen_RapidILL_BOOK</setSpec><setSpec>uge_aaca_RapidILL_BOOK</setSpec><setSpec>uge_abels_RapidILL_BOOK</setSpec><setSpec>uge_dbu_RapidILL_BOOK</setSpec><setSpec>uge_cmu_RapidILL_BOOK</setSpec><setSpec>uge_mail_RapidILL_BOOK</setSpec><setSpec>uge_abbat_RapidILL_BOOK</setSpec><setSpec>UNIGE_ALL</setSpec><setSpec>uge_aobs_RapidILL_BOOK</setSpec><setSpec>uge_acar_RapidILL_BOOK</setSpec></header><metadata>
<record xmlns="http://www.loc.gov/MARC21/slim" xmlns:xsi="http://www.w3.org/2001/XMLSchema-instance" xsi:schemaLocation="http://www.loc.gov/MARC21/slim http://www.loc.gov/standards/marcxml/schema/MARC21slim.xsd"><leader>02405nam a2200685 c 4500</leader><controlfield tag="001">991000775869705502</controlfield><controlfield tag="005">20230330185116.0</controlfield><controlfield tag="008">201012t19871987xxu||||| |||| 00| ||eng d</controlfield><datafield ind1=" " ind2=" " tag="020"><subfield code="a">088706468X</subfield><subfield code="q">brosch.</subfield></datafield><datafield ind1=" " ind2=" " tag="020"><subfield code="a">0887064698</subfield><subfield code="q">geb.</subfield></datafield><datafield ind1="7" ind2=" " tag="024"><subfield code="a">http://catalogue.bnf.fr/ark:/12148/cb350027950</subfield><subfield code="2">uri</subfield></datafield><datafield ind1=" " ind2=" " tag="035"><subfield code="a">(swissbib)237171686-41slsp_network</subfield></datafield><datafield ind1=" " ind2=" " tag="035"><subfield code="a">237171686</subfield><subfield code="9">ExL</subfield></datafield><datafield ind1=" " ind2=" " tag="035"><subfield code="a">(RERO)1543958-41slsp</subfield></datafield><datafield ind1=" " ind2=" " tag="035"><subfield code="a">(NEBIS)001056701EBI01</subfield></datafield><datafield ind1=" " ind2=" " tag="035"><subfield code="a">(IDSBB)000393399DSV01</subfield></datafield><datafield ind1=" " ind2=" " tag="035"><subfield code="a">(EXLNZ-41SLSP_NETWORK)991062038399705501</subfield></datafield><datafield ind1=" " ind2=" " tag="040"><subfield code="a">RERO geulcj</subfield><subfield code="d">CH-ZuSLS</subfield></datafield><datafield ind1="1" ind2=" " tag="041"><subfield code="a">eng</subfield><subfield code="h">jpn</subfield></datafield><datafield ind1=" " ind2="7" tag="072"><subfield code="a">or</subfield><subfield code="2">rero</subfield></datafield><datafield ind1=" " ind2="7" tag="072"><subfield code="a">ph</subfield><subfield code="2">SzZuIDS BS/BE</subfield></datafield><datafield ind1=" " ind2="7" tag="072"><subfield code="a">ps</subfield><subfield code="2">SzZuIDS BS/BE</subfield></datafield><datafield ind1="0" ind2="0" tag="082"><subfield code="a">128/.2</subfield><subfield code="2">19</subfield></datafield><datafield ind1="1" ind2="4" tag="082"><subfield code="a">150</subfield><subfield code="2">15</subfield></datafield><datafield ind1=" " ind2=" " tag="084"><subfield code="a">CI 8500</subfield><subfield code="2">rvk</subfield></datafield><datafield ind1=" " ind2=" " tag="084"><subfield code="a">RB 10363</subfield><subfield code="2">rvk</subfield></datafield><datafield ind1="1" ind2=" " tag="100"><subfield code="a">Yuasa, Yasuo</subfield><subfield code="d">1925-2005</subfield><subfield code="0">(DE-588)119092034</subfield><subfield code="6">880-01</subfield></datafield><datafield ind1="1" ind2=" " tag="880"><subfield code="a">Yuasa, Yasuo</subfield><subfield code="0">(RERO)A003993060</subfield><subfield code="4">cre</subfield><subfield code="6">100-01</subfield></datafield><datafield ind1="1" ind2="0" tag="245"><subfield code="a">&lt;&lt;The&gt;&gt; body</subfield><subfield code="b">toward an eastern mind-body theory</subfield><subfield code="c">Yuasa Yasuo ; ed. by Thomas P. Kasulis ; transl. by Nagatomo Shigenori, Thomas P. Kasulis</subfield></datafield><datafield ind1="1" ind2=" " tag="246"><subfield code="a">Shintai</subfield></datafield><datafield ind1=" " ind2="1" tag="264"><subfield code="a">Albany</subfield><subfield code="b">State University of New York Press</subfield><subfield code="c">1987</subfield></datafield><datafield ind1=" " ind2="4" tag="264"><subfield code="c">©1987</subfield></datafield><datafield ind1=" " ind2=" " tag="300"><subfield code="a">VII, 256 p.</subfield><subfield code="b">ill.</subfield><subfield code="c">23 cm</subfield></datafield><datafield ind1=" " ind2=" " tag="336"><subfield code="b">txt</subfield><subfield code="2">rdacontent</subfield></datafield><datafield ind1=" " ind2=" " tag="337"><subfield code="b">n</subfield><subfield code="2">rdamedia</subfield></datafield><datafield ind1=" " ind2=" " tag="338"><subfield code="b">nc</subfield><subfield code="2">rdacarrier</subfield></datafield><datafield ind1="1" ind2=" " tag="490"><subfield code="a">SUNY series in Buddhist studies</subfield></datafield><datafield ind1=" " ind2=" " tag="500"><subfield code="a">Traduit de: Shintai</subfield></datafield><datafield ind1=" " ind2=" " tag="500"><subfield code="a">Originaltitel: Shintai</subfield></datafield><datafield ind1=" " ind2="7" tag="650"><subfield code="a">Corps humain</subfield><subfield code="0">(IDREF)027230996</subfield><subfield code="2">idref</subfield></datafield><datafield ind1=" " ind2="7" tag="650"><subfield code="a">Esprit</subfield><subfield code="0">(IDREF)033825424</subfield><subfield code="2">idref</subfield></datafield><datafield ind1=" " ind2="7" tag="650"><subfield code="a">Philosophie orientale</subfield><subfield code="0">(IDREF)027291804</subfield><subfield code="2">idref</subfield></datafield><datafield ind1=" " ind2="7" tag="650"><subfield code="a">Leib-Seele-Problem</subfield><subfield code="0">(DE-588)4035151-8</subfield><subfield code="2">gnd</subfield></datafield><datafield ind1=" " ind2="0" tag="650"><subfield code="a">Human body (Philosophy)</subfield></datafield><datafield ind1=" " ind2="0" tag="650"><subfield code="a">Human body (Philosophy)</subfield><subfield code="z">Japan</subfield></datafield><datafield ind1=" " ind2="0" tag="650"><subfield code="a">Mind and body</subfield></datafield><datafield ind1=" " ind2="0" tag="650"><subfield code="a">Mind and body</subfield><subfield code="z">Japan</subfield></datafield><datafield ind1=" " ind2="0" tag="650"><subfield code="a">Philosophy</subfield></datafield><datafield ind1=" " ind2="0" tag="650"><subfield code="a">Philosophy, Japanese</subfield></datafield><datafield ind1=" " ind2="0" tag="650"><subfield code="a">Psychophysiology</subfield></datafield><datafield ind1=" " ind2="7" tag="650"><subfield code="a">Körper</subfield><subfield code="x">Philosophie</subfield><subfield code="2">idsbb</subfield></datafield><datafield ind1=" " ind2="7" tag="650"><subfield code="a">Leibseeleproblem</subfield><subfield code="2">idsbb</subfield></datafield><datafield ind1=" " ind2="7" tag="650"><subfield code="a">Philosophie</subfield><subfield code="z">japanische</subfield><subfield code="2">idsbb</subfield></datafield><datafield ind1=" " ind2=" " tag="690"><subfield code="a">Japan / Philosophie</subfield><subfield code="2">uzb-Z9</subfield></datafield><datafield ind1=" " ind2=" " tag="690"><subfield code="a">Leib-Seele-Problem / 1980- ersch.</subfield><subfield code="2">uzb-Z9</subfield></datafield><datafield ind1="1" ind2=" " tag="700"><subfield code="a">Nagatomo, Shigenori</subfield></datafield><datafield ind1="1" ind2=" " tag="700"><subfield code="a">Kasulis, Thomas P.</subfield><subfield code="d">1948-</subfield><subfield code="0">(DE-588)172724635</subfield><subfield code="6">880-02</subfield></datafield><datafield ind1="1" ind2=" " tag="880"><subfield code="6">700-02</subfield><subfield code="a">Kasulis, Thomas P.</subfield><subfield code="d">1948-....</subfield><subfield code="0">(IDREF)081849672</subfield></datafield><datafield ind1=" " ind2=" " tag="830"><subfield code="a">SUNY series in Buddhist studies</subfield><subfield code="w">(RERO)0781872-41slsp</subfield></datafield><datafield ind1=" " ind2=" " tag="900"><subfield code="a">REROnoselfmerge</subfield></datafield><datafield ind1=" " ind2=" " tag="900"><subfield code="a">IDSZRMedeaZBZ</subfield></datafield></record>
</metadata></record>