<record><header><identifier>oai:alma.41SLSP_UGE:991000768309705502</identifier><datestamp>2023-03-01T01:10:08Z</datestamp><setSpec>uge_bcen_RapidILL_BOOK</setSpec><setSpec>uge_aaca_RapidILL_BOOK</setSpec><setSpec>uge_abels_RapidILL_BOOK</setSpec><setSpec>uge_dbu_RapidILL_BOOK</setSpec><setSpec>uge_cmu_RapidILL_BOOK</setSpec><setSpec>uge_mail_RapidILL_BOOK</setSpec><setSpec>UNIGE_ALL</setSpec><setSpec>uge_abbat_RapidILL_BOOK</setSpec><setSpec>uge_aobs_RapidILL_BOOK</setSpec><setSpec>uge_acar_RapidILL_BOOK</setSpec></header><metadata>
<record xmlns="http://www.loc.gov/MARC21/slim" xmlns:xsi="http://www.w3.org/2001/XMLSchema-instance" xsi:schemaLocation="http://www.loc.gov/MARC21/slim http://www.loc.gov/standards/marcxml/schema/MARC21slim.xsd"><leader>01386nam a2200385 c 4500</leader><controlfield tag="001">991000768309705502</controlfield><controlfield tag="005">20211114130615.0</controlfield><controlfield tag="008">201012s1994    sp ||||| |||| 00| ||spa d</controlfield><datafield ind1=" " ind2=" " tag="020"><subfield code="a">8423973433</subfield></datafield><datafield ind1=" " ind2=" " tag="035"><subfield code="a">(swissbib)242140955-41slsp_network</subfield></datafield><datafield ind1=" " ind2=" " tag="035"><subfield code="a">242140955</subfield><subfield code="9">ExL</subfield></datafield><datafield ind1=" " ind2=" " tag="035"><subfield code="a">(RERO)1942501-41slsp</subfield></datafield><datafield ind1=" " ind2=" " tag="035"><subfield code="a">(IDSBB)001083707DSV01</subfield></datafield><datafield ind1=" " ind2=" " tag="035"><subfield code="a">(EXLNZ-41SLSP_NETWORK)991120006929705501</subfield></datafield><datafield ind1=" " ind2=" " tag="040"><subfield code="a">RERO geules</subfield><subfield code="d">CH-ZuSLS</subfield></datafield><datafield ind1=" " ind2="7" tag="072"><subfield code="a">es</subfield><subfield code="2">rero</subfield></datafield><datafield ind1=" " ind2="7" tag="072"><subfield code="a">ir</subfield><subfield code="2">SzZuIDS BS/BE</subfield></datafield><datafield ind1="1" ind2=" " tag="100"><subfield code="a">Valle-Inclán, Ramón del</subfield><subfield code="d">1866-1936</subfield><subfield code="0">(IDREF)027174794</subfield><subfield code="4">cre</subfield></datafield><datafield ind1="1" ind2="0" tag="245"><subfield code="a">Aguila de blasón</subfield><subfield code="c">Ramón del Valle-Inclán ; ed.: Ricardo Doménech</subfield></datafield><datafield ind1=" " ind2=" " tag="250"><subfield code="a">[7a ed.]</subfield></datafield><datafield ind1=" " ind2="1" tag="264"><subfield code="a">Madrid</subfield><subfield code="b">Espasa-Calpe</subfield><subfield code="c">1994</subfield></datafield><datafield ind1=" " ind2=" " tag="300"><subfield code="a">192 p.</subfield><subfield code="c">18 cm</subfield></datafield><datafield ind1=" " ind2=" " tag="336"><subfield code="b">txt</subfield><subfield code="2">rdacontent</subfield></datafield><datafield ind1=" " ind2=" " tag="337"><subfield code="b">n</subfield><subfield code="2">rdamedia</subfield></datafield><datafield ind1=" " ind2=" " tag="338"><subfield code="b">nc</subfield><subfield code="2">rdacarrier</subfield></datafield><datafield ind1="1" ind2=" " tag="490"><subfield code="a">Nueva Austral</subfield><subfield code="v">343. Literatura</subfield></datafield><datafield ind1="1" ind2=" " tag="490"><subfield code="a">Comedias bárbaras / Ramón del Valle-Inclán</subfield><subfield code="v">2</subfield></datafield><datafield ind1="1" ind2=" " tag="490"><subfield code="a">Colección Austral</subfield><subfield code="v">343</subfield></datafield><datafield ind1=" " ind2=" " tag="500"><subfield code="a">1a ed. 1946</subfield></datafield><datafield ind1=" " ind2=" " tag="504"><subfield code="a">Bibliogr.: p. 39-43</subfield></datafield><datafield ind1="1" ind2=" " tag="700"><subfield code="a">Doménech, Ricardo</subfield><subfield code="d">1938-2010</subfield><subfield code="0">(IDREF)028755626</subfield></datafield><datafield ind1=" " ind2=" " tag="830"><subfield code="a">Nueva Austral</subfield><subfield code="v">343</subfield><subfield code="w">(RERO)1942547-41slsp</subfield></datafield><datafield ind1="1" ind2=" " tag="800"><subfield code="a">Valle-Inclán, Ramón del</subfield><subfield code="d">1866-1936</subfield><subfield code="t">Comedias bárbaras</subfield><subfield code="v">2</subfield><subfield code="w">(RERO)1942296-41slsp</subfield></datafield><datafield ind1=" " ind2=" " tag="830"><subfield code="a">Austral</subfield><subfield code="v">343</subfield><subfield code="w">(IDSBB)000485241DSV01</subfield></datafield><datafield ind1="1" ind2=" " tag="800"><subfield code="a">Valle-Inclán, Ramón &lt;&lt;del&gt;&gt;</subfield><subfield code="d">1866-1936</subfield><subfield code="t">Comedias bárbaras</subfield><subfield code="v">2</subfield><subfield code="w">(IDSBB)001083704DSV01</subfield></datafield><datafield ind1=" " ind2=" " tag="900"><subfield code="a">REROnoselfmerge</subfield></datafield><datafield ind1=" " ind2=" " tag="993"><subfield code="a">BFLA 82392/2</subfield><subfield code="x">ge/ules/a/94/440/2</subfield><subfield code="9">LOCAL</subfield></datafield></record>
</metadata></record>