<record><header><identifier>oai:alma.41SLSP_UGE:991000768099705502</identifier><datestamp>2024-08-14T00:06:08Z</datestamp><setSpec>uge_bcen_RapidILL_BOOK</setSpec><setSpec>uge_aaca_RapidILL_BOOK</setSpec><setSpec>uge_abels_RapidILL_BOOK</setSpec><setSpec>uge_dbu_RapidILL_BOOK</setSpec><setSpec>uge_cmu_RapidILL_BOOK</setSpec><setSpec>uge_mail_RapidILL_BOOK</setSpec><setSpec>uge_abbat_RapidILL_BOOK</setSpec><setSpec>UNIGE_ALL</setSpec><setSpec>uge_aobs_RapidILL_BOOK</setSpec><setSpec>uge_acar_RapidILL_BOOK</setSpec></header><metadata>
<record xmlns="http://www.loc.gov/MARC21/slim" xmlns:xsi="http://www.w3.org/2001/XMLSchema-instance" xsi:schemaLocation="http://www.loc.gov/MARC21/slim http://www.loc.gov/standards/marcxml/schema/MARC21slim.xsd"><leader>03248nam a2200733 c 4500</leader><controlfield tag="001">991000768099705502</controlfield><controlfield tag="005">20240813160836.0</controlfield><controlfield tag="008">201012s2015    fr ||||| |||| 10| ||fre d</controlfield><datafield ind1=" " ind2=" " tag="020"><subfield code="a">9782877543330</subfield><subfield code="q">br</subfield></datafield><datafield ind1=" " ind2=" " tag="035"><subfield code="a">(swissbib)239175840-41slsp_network</subfield></datafield><datafield ind1=" " ind2=" " tag="035"><subfield code="a">239175840</subfield><subfield code="9">ExL</subfield></datafield><datafield ind1=" " ind2=" " tag="035"><subfield code="a">(RERO)R008294191-41slsp</subfield></datafield><datafield ind1=" " ind2=" " tag="035"><subfield code="a">(IDSBB)006440514DSV01</subfield></datafield><datafield ind1=" " ind2=" " tag="035"><subfield code="a">(NEBIS)010694794EBI01</subfield></datafield><datafield ind1=" " ind2=" " tag="035"><subfield code="a">(OCoLC)930311368</subfield></datafield><datafield ind1=" " ind2=" " tag="035"><subfield code="a">(EXLNZ-41SLSP_NETWORK)991070500619705501</subfield></datafield><datafield ind1=" " ind2=" " tag="040"><subfield code="a">RERO gefoha</subfield><subfield code="d">CH-ZuSLS</subfield></datafield><datafield ind1="0" ind2=" " tag="041"><subfield code="a">fre</subfield></datafield><datafield ind1=" " ind2="7" tag="072"><subfield code="a">ha</subfield><subfield code="2">rero</subfield></datafield><datafield ind1=" " ind2="7" tag="072"><subfield code="a">ag</subfield><subfield code="2">SzZuIDS BS/BE</subfield></datafield><datafield ind1="1" ind2=" " tag="080"><subfield code="a">938:355</subfield></datafield><datafield ind1="0" ind2="4" tag="082"><subfield code="a">938</subfield><subfield code="2">23</subfield></datafield><datafield ind1="1" ind2="4" tag="082"><subfield code="a">930</subfield><subfield code="2">15</subfield></datafield><datafield ind1=" " ind2=" " tag="084"><subfield code="a">NH 6890</subfield><subfield code="2">rvk</subfield></datafield><datafield ind1="2" ind2=" " tag="111"><subfield code="a">Colloque la Grèce et la guerre</subfield><subfield code="d">2014</subfield><subfield code="c">Beaulieu-sur-Mer</subfield></datafield><datafield ind1="1" ind2="0" tag="245"><subfield code="a">&lt;&lt;La&gt;&gt; Grèce et la guerre</subfield><subfield code="b">actes</subfield><subfield code="c">Philippe Contamine, Jacques Jouanna et Michel Zink éd.</subfield></datafield><datafield ind1="1" ind2="0" tag="246"><subfield code="a">&lt;&lt;La&gt;&gt; Grèce et la guerre</subfield></datafield><datafield ind1=" " ind2="1" tag="264"><subfield code="a">Paris</subfield><subfield code="b">Académie des Inscriptions et Belles-Lettres</subfield><subfield code="b">Diff. De Boccard</subfield><subfield code="c">2015</subfield></datafield><datafield ind1=" " ind2=" " tag="300"><subfield code="a">IV, 303 p.</subfield><subfield code="b">ill.</subfield><subfield code="c">24 cm</subfield></datafield><datafield ind1=" " ind2=" " tag="336"><subfield code="b">txt</subfield><subfield code="2">rdacontent</subfield></datafield><datafield ind1=" " ind2=" " tag="337"><subfield code="b">n</subfield><subfield code="2">rdamedia</subfield></datafield><datafield ind1=" " ind2=" " tag="338"><subfield code="b">nc</subfield><subfield code="2">rdacarrier</subfield></datafield><datafield ind1="1" ind2=" " tag="490"><subfield code="a">Cahiers de la villa Kérylos</subfield><subfield code="v">no 26</subfield></datafield><datafield ind1=" " ind2=" " tag="500"><subfield code="a">L'avant-titre porte: Colloque</subfield></datafield><datafield ind1=" " ind2=" " tag="500"><subfield code="a">A la mémoire de Fabrice Reinach</subfield></datafield><datafield ind1=" " ind2=" " tag="500"><subfield code="a">Actes du 25e colloque de la Villa Kérylos à Beaulieu-sur-Mer les 3 et 4 octobre 2014</subfield></datafield><datafield ind1=" " ind2=" " tag="504"><subfield code="a">Notes bibliographe en bas de pages</subfield></datafield><datafield ind1=" " ind2="7" tag="648"><subfield code="a">Geschichte</subfield><subfield code="2">gnd</subfield></datafield><datafield ind1=" " ind2="7" tag="650"><subfield code="a">Guerre</subfield><subfield code="0">(IDREF)027267709</subfield><subfield code="2">idref</subfield></datafield><datafield ind1=" " ind2="7" tag="650"><subfield code="a">Guerre</subfield><subfield code="z">Grèce</subfield><subfield code="x">Histoire</subfield><subfield code="x">Actes de congrès</subfield><subfield code="2">ram</subfield></datafield><datafield ind1=" " ind2="7" tag="650"><subfield code="a">Krieg</subfield><subfield code="0">(DE-588)4033114-3</subfield><subfield code="2">gnd</subfield></datafield><datafield ind1=" " ind2="7" tag="651"><subfield code="a">Grèce</subfield><subfield code="y">Jusqu'à 395</subfield><subfield code="0">(IDREF)027355802</subfield><subfield code="2">idref</subfield></datafield><datafield ind1=" " ind2="7" tag="651"><subfield code="a">Grèce</subfield><subfield code="0">(IDREF)027228428</subfield><subfield code="2">idref</subfield></datafield><datafield ind1=" " ind2="7" tag="651"><subfield code="a">Griechenland</subfield><subfield code="g">Altertum</subfield><subfield code="0">(DE-588)4093976-5</subfield><subfield code="2">gnd</subfield></datafield><datafield ind1=" " ind2="7" tag="651"><subfield code="a">Mittelmeerraum</subfield><subfield code="0">(DE-588)4074900-9</subfield><subfield code="2">gnd</subfield></datafield><datafield ind1=" " ind2="7" tag="651"><subfield code="a">Grèce</subfield><subfield code="x">Histoire militaire</subfield><subfield code="x">Actes de congrès</subfield><subfield code="2">ram</subfield></datafield><datafield ind1=" " ind2="7" tag="655"><subfield code="a">Actes de congrès</subfield><subfield code="0">(IDREF)02886431X</subfield><subfield code="2">idref</subfield></datafield><datafield ind1=" " ind2="7" tag="655"><subfield code="a">Festschrift</subfield><subfield code="2">gnd-content</subfield></datafield><datafield ind1=" " ind2="7" tag="655"><subfield code="a">Konferenzschrift</subfield><subfield code="z">Beaulieu-sur-Mer</subfield><subfield code="y">2014</subfield><subfield code="2">gnd-content</subfield></datafield><datafield ind1="1" ind2=" " tag="700"><subfield code="a">Reinach, Fabrice</subfield></datafield><datafield ind1="1" ind2=" " tag="700"><subfield code="6">880-02</subfield><subfield code="a">Jouanna, Jacques</subfield><subfield code="d">1935-</subfield><subfield code="0">(DE-588)102892514X</subfield></datafield><datafield ind1="1" ind2=" " tag="880"><subfield code="6">700-02</subfield><subfield code="a">Jouanna, Jacques</subfield><subfield code="c">professeur de littérature et civilisation grecque</subfield><subfield code="d">1935-....</subfield><subfield code="0">(IDREF)026940752</subfield></datafield><datafield ind1="1" ind2=" " tag="700"><subfield code="6">880-03</subfield><subfield code="a">Zink, Michel</subfield><subfield code="d">1945-</subfield><subfield code="0">(DE-588)124027938</subfield></datafield><datafield ind1="1" ind2=" " tag="880"><subfield code="6">700-03</subfield><subfield code="a">Zink, Michel</subfield><subfield code="d">1945-....</subfield><subfield code="0">(IDREF)027204057</subfield></datafield><datafield ind1="1" ind2=" " tag="700"><subfield code="6">880-04</subfield><subfield code="a">Contamine, Philippe</subfield><subfield code="d">1932-2022</subfield><subfield code="0">(DE-588)122859901</subfield><subfield code="e">Herausgeber</subfield><subfield code="4">edt</subfield></datafield><datafield ind1="1" ind2=" " tag="880"><subfield code="6">700-04</subfield><subfield code="a">Contamine, Philippe</subfield><subfield code="0">(RERO)A003131711</subfield></datafield><datafield ind1="2" ind2=" " tag="710"><subfield code="a">Villa &quot;Kérylos&quot; (Beaulieu-sur-Mer)</subfield><subfield code="b">Colloque</subfield><subfield code="n">25</subfield><subfield code="d">2014</subfield><subfield code="c">Beaulieu-sur-Mer</subfield><subfield code="0">(RERO)A025804579</subfield></datafield><datafield ind1="2" ind2=" " tag="711"><subfield code="a">Colloque de la Villa Kérylos</subfield><subfield code="0">(DE-588)1091742782</subfield></datafield><datafield ind1="4" ind2=" " tag="856"><subfield code="3">Titelblatt und Inhaltsverzeichnis</subfield><subfield code="u">https://toc.library.ethz.ch/objects/pdf03/z01_978-2-87754-333-0_01.pdf</subfield><subfield code="q">pdf</subfield></datafield><datafield ind1=" " ind2="0" tag="830"><subfield code="a">Cahiers de la Villa &quot;Kérylos&quot;</subfield><subfield code="v">26</subfield><subfield code="w">(IDSBB)001201227DSV01</subfield></datafield><datafield ind1=" " ind2=" " tag="830"><subfield code="a">Cahiers de la Villa &quot;Kérylos&quot;</subfield><subfield code="v">26</subfield><subfield code="w">(NEBIS)001650828EBI01</subfield></datafield><datafield ind1=" " ind2="0" tag="830"><subfield code="a">Cahiers de la Villa &quot;Kérylos&quot;</subfield><subfield code="v">26</subfield><subfield code="w">(RERO)2124969-41slsp</subfield></datafield><datafield ind1=" " ind2=" " tag="900"><subfield code="a">REROnoselfmerge</subfield></datafield><datafield ind1=" " ind2=" " tag="900"><subfield code="a">IDSZ2zbzmon201612f</subfield><subfield code="c">IDSZ2rauc</subfield><subfield code="d">IDSZ2zbzswk201703b</subfield><subfield code="e">IDSZ2brue</subfield></datafield><datafield ind1=" " ind2=" " tag="949"><subfield code="a">https://toc.library.ethz.ch/objects/pdf03/z01_978-2-87754-333-0_01.pdf</subfield></datafield></record>
</metadata></record>