<record><header><identifier>oai:alma.41SLSP_UGE:991000768289705502</identifier><datestamp>2023-05-03T00:53:04Z</datestamp><setSpec>uge_bcen_RapidILL_BOOK</setSpec><setSpec>uge_aaca_RapidILL_BOOK</setSpec><setSpec>uge_abels_RapidILL_BOOK</setSpec><setSpec>uge_dbu_RapidILL_BOOK</setSpec><setSpec>uge_cmu_RapidILL_BOOK</setSpec><setSpec>uge_mail_RapidILL_BOOK</setSpec><setSpec>uge_abbat_RapidILL_BOOK</setSpec><setSpec>UNIGE_ALL</setSpec><setSpec>uge_acar_RapidILL_BOOK</setSpec><setSpec>uge_aobs_RapidILL_BOOK</setSpec></header><metadata>
<record xmlns="http://www.loc.gov/MARC21/slim" xmlns:xsi="http://www.w3.org/2001/XMLSchema-instance" xsi:schemaLocation="http://www.loc.gov/MARC21/slim http://www.loc.gov/standards/marcxml/schema/MARC21slim.xsd"><leader>02468nam a22006012c 4500</leader><controlfield tag="001">991000768289705502</controlfield><controlfield tag="005">20230502193632.0</controlfield><controlfield tag="008">201012s2015    xxk||||| |||| 00| ||eng d</controlfield><datafield ind1=" " ind2=" " tag="020"><subfield code="a">1843843994</subfield></datafield><datafield ind1=" " ind2=" " tag="020"><subfield code="a">9781843843993</subfield><subfield code="c">(set)</subfield></datafield><datafield ind1=" " ind2=" " tag="035"><subfield code="a">(swissbib)23887186X-41slsp_network</subfield></datafield><datafield ind1=" " ind2=" " tag="035"><subfield code="a">23887186X</subfield><subfield code="9">ExL</subfield></datafield><datafield ind1=" " ind2=" " tag="035"><subfield code="a">(RERO)R008137227-41slsp</subfield></datafield><datafield ind1=" " ind2=" " tag="035"><subfield code="a">(NEBIS)010459333EBI01</subfield></datafield><datafield ind1=" " ind2=" " tag="035"><subfield code="a">(OCoLC)889184959</subfield><subfield code="z">(OCoLC)908324154</subfield></datafield><datafield ind1=" " ind2=" " tag="035"><subfield code="a">(EXLNZ-41SLSP_NETWORK)991035242659705501</subfield></datafield><datafield ind1=" " ind2=" " tag="040"><subfield code="a">BTCTA</subfield><subfield code="d">CH-ZuSLS</subfield></datafield><datafield ind1=" " ind2=" " tag="050"><subfield code="a">PN2596.L6</subfield></datafield><datafield ind1=" " ind2="7" tag="072"><subfield code="a">an</subfield><subfield code="2">rero</subfield></datafield><datafield ind1="1" ind2=" " tag="080"><subfield code="a">820-2(091)</subfield></datafield><datafield ind1="0" ind2="4" tag="082"><subfield code="a">792/.094212/0902</subfield><subfield code="2">23</subfield></datafield><datafield ind1="0" ind2="0" tag="245"><subfield code="a">Civic London to 1558</subfield><subfield code="c">ed. by Anne Lancashire with David J. Parkinson</subfield></datafield><datafield ind1=" " ind2="1" tag="264"><subfield code="a">Woodbridge</subfield><subfield code="b">D. S Brewer</subfield><subfield code="c">2015</subfield></datafield><datafield ind1=" " ind2=" " tag="300"><subfield code="a">3 vols. (1590 p.)</subfield></datafield><datafield ind1=" " ind2=" " tag="336"><subfield code="b">txt</subfield><subfield code="2">rdacontent</subfield></datafield><datafield ind1=" " ind2=" " tag="337"><subfield code="b">n</subfield><subfield code="2">rdamedia</subfield></datafield><datafield ind1=" " ind2=" " tag="338"><subfield code="b">nc</subfield><subfield code="2">rdacarrier</subfield></datafield><datafield ind1="1" ind2=" " tag="490"><subfield code="a">Records of Early English Drama</subfield></datafield><datafield ind1="0" ind2="0" tag="505"><subfield code="g">Vol. 1</subfield><subfield code="t">Introduction</subfield><subfield code="t">&lt;&lt;The&gt;&gt; records (1286-7 to 1520-3)</subfield></datafield><datafield ind1="0" ind2="0" tag="505"><subfield code="g">Vol. 2</subfield><subfield code="t">&lt;&lt;The&gt;&gt; records (1521-2 to 1558-9)</subfield><subfield code="t">Appendixes</subfield></datafield><datafield ind1="0" ind2="0" tag="505"><subfield code="g">Vol. 3</subfield><subfield code="t">Translations</subfield><subfield code="t">Endnotes</subfield><subfield code="t">Glossaries</subfield><subfield code="t">Index</subfield></datafield><datafield ind1=" " ind2="7" tag="648"><subfield code="a">Geschichte 1286-1558</subfield><subfield code="2">gnd</subfield></datafield><datafield ind1=" " ind2="7" tag="648"><subfield code="a">Geschichte 1000-1500</subfield><subfield code="2">idszbz</subfield></datafield><datafield ind1=" " ind2="7" tag="648"><subfield code="a">Geschichte 1500-1550</subfield><subfield code="2">idszbz</subfield></datafield><datafield ind1=" " ind2="7" tag="650"><subfield code="a">Théâtre (genre littéraire) anglais</subfield><subfield code="0">(IDREF)027797295</subfield><subfield code="2">idref</subfield></datafield><datafield ind1=" " ind2="7" tag="650"><subfield code="a">13e siècle-16e siècle</subfield><subfield code="2">idref</subfield></datafield><datafield ind1=" " ind2="7" tag="650"><subfield code="a">Drama</subfield><subfield code="0">(DE-588)4012899-4</subfield><subfield code="2">gnd</subfield></datafield><datafield ind1=" " ind2="7" tag="650"><subfield code="a">Frühneuenglisch</subfield><subfield code="0">(DE-588)4352423-0</subfield><subfield code="2">gnd</subfield></datafield><datafield ind1=" " ind2="7" tag="650"><subfield code="a">Theater</subfield><subfield code="0">(DE-588)4059702-7</subfield><subfield code="2">gnd</subfield></datafield><datafield ind1=" " ind2="0" tag="650"><subfield code="a">Theaters</subfield><subfield code="z">England</subfield><subfield code="z">London</subfield><subfield code="x">History</subfield><subfield code="y">16th century</subfield></datafield><datafield ind1=" " ind2="0" tag="650"><subfield code="a">Theaters</subfield><subfield code="z">England</subfield><subfield code="z">London</subfield><subfield code="x">History</subfield><subfield code="y">To 1500</subfield></datafield><datafield ind1=" " ind2="7" tag="651"><subfield code="a">London</subfield><subfield code="0">(DE-588)4074335-4</subfield><subfield code="2">gnd</subfield></datafield><datafield ind1=" " ind2="7" tag="655"><subfield code="a">Bibliographie</subfield><subfield code="0">(IDREF)027229386</subfield><subfield code="2">idref</subfield></datafield><datafield ind1=" " ind2="7" tag="655"><subfield code="a">Quelle</subfield><subfield code="2">gnd-content</subfield></datafield><datafield ind1="1" ind2=" " tag="700"><subfield code="a">Lancashire, Anne Begor</subfield><subfield code="d">19..-....</subfield><subfield code="0">(DE-588)158559746</subfield></datafield><datafield ind1="1" ind2=" " tag="700"><subfield code="a">Lancashire, Anne Begor</subfield><subfield code="d">19..-....</subfield><subfield code="0">(IDREF)028956192</subfield></datafield><datafield ind1="1" ind2=" " tag="700"><subfield code="a">Parkinson, David John</subfield><subfield code="d">1956-...</subfield><subfield code="0">(IDREF)126855439</subfield></datafield><datafield ind1="4" ind2=" " tag="856"><subfield code="3">Titelblatt und Inhaltsverzeichnis</subfield><subfield code="u">https://toc.library.ethz.ch/objects/pdf03/z01_978-1-84384-399-3_01.pdf</subfield><subfield code="q">pdf</subfield></datafield><datafield ind1=" " ind2="0" tag="830"><subfield code="a">Records of early English drama</subfield><subfield code="w">(RERO)0557732-41slsp</subfield></datafield><datafield ind1=" " ind2="0" tag="830"><subfield code="a">Records of Early English drama</subfield><subfield code="w">(NEBIS)000997260EBI01</subfield></datafield><datafield ind1=" " ind2=" " tag="900"><subfield code="a">REROnoselfmerge</subfield></datafield><datafield ind1=" " ind2=" " tag="900"><subfield code="a">IDSZ2zbzmon201506p</subfield><subfield code="c">IDSZ2rusc</subfield><subfield code="d">IDSZ2zbzswk201506b</subfield><subfield code="e">IDSZ2trun</subfield></datafield><datafield ind1=" " ind2=" " tag="910"><subfield code="a">OCoLC</subfield><subfield code="b">20150430</subfield><subfield code="c">Droits réservés</subfield></datafield><datafield ind1=" " ind2=" " tag="949"><subfield code="a">https://toc.library.ethz.ch/objects/pdf03/z01_978-1-84384-399-3_01.pdf</subfield></datafield></record>
</metadata></record>