<record><header><identifier>oai:alma.41SLSP_UGE:991000767769705502</identifier><datestamp>2023-03-01T01:10:08Z</datestamp><setSpec>uge_bcen_RapidILL_BOOK</setSpec><setSpec>uge_aaca_RapidILL_BOOK</setSpec><setSpec>uge_abels_RapidILL_BOOK</setSpec><setSpec>uge_dbu_RapidILL_BOOK</setSpec><setSpec>uge_cmu_RapidILL_BOOK</setSpec><setSpec>uge_mail_RapidILL_BOOK</setSpec><setSpec>UNIGE_ALL</setSpec><setSpec>uge_abbat_RapidILL_BOOK</setSpec><setSpec>uge_aobs_RapidILL_BOOK</setSpec><setSpec>uge_acar_RapidILL_BOOK</setSpec></header><metadata>
<record xmlns="http://www.loc.gov/MARC21/slim" xmlns:xsi="http://www.w3.org/2001/XMLSchema-instance" xsi:schemaLocation="http://www.loc.gov/MARC21/slim http://www.loc.gov/standards/marcxml/schema/MARC21slim.xsd"><leader>03177nam a2200301 c 4500</leader><controlfield tag="001">991000767769705502</controlfield><controlfield tag="005">20210206204347.0</controlfield><controlfield tag="008">981001s1995    ru ||||| |||| 00| ||rus d</controlfield><datafield ind1=" " ind2=" " tag="020"><subfield code="z">5867890144</subfield></datafield><datafield ind1=" " ind2=" " tag="035"><subfield code="a">(swissbib)09368679X-41slsp_network</subfield></datafield><datafield ind1=" " ind2=" " tag="035"><subfield code="a">09368679X</subfield><subfield code="9">ExL</subfield></datafield><datafield ind1=" " ind2=" " tag="035"><subfield code="a">(RERO)R236979960-41slsp</subfield></datafield><datafield ind1=" " ind2=" " tag="035"><subfield code="a">(EXLNZ-41SLSP_NETWORK)991156586799705501</subfield></datafield><datafield ind1=" " ind2=" " tag="040"><subfield code="a">RERO geulru</subfield><subfield code="d">CH-ZuSLS</subfield></datafield><datafield ind1=" " ind2="7" tag="072"><subfield code="a">ru</subfield><subfield code="2">rero</subfield></datafield><datafield ind1="0" ind2="0" tag="245"><subfield code="6">880-01</subfield><subfield code="a">Kharmsizdat predstavli︠a︡et</subfield><subfield code="b">issledovanii︠a︡, ėsse, vospominanii︠a︡, katalog vystavki, bibliografii︠a︡ : [sbornik materialov]</subfield><subfield code="c">[Muzeĭ Anny Akhmatovoĭ v Fontannom Dome]</subfield></datafield><datafield ind1="0" ind2="0" tag="880"><subfield code="6">245-01/(N</subfield><subfield code="a">Хармсиздат представляет</subfield><subfield code="b">исследования, эссе, воспоминания, каталог выставки, библиография : [сборник материалов]</subfield><subfield code="c">[Музей Анны Ахматовой в Фонтанном Доме]</subfield></datafield><datafield ind1="1" ind2=" " tag="246"><subfield code="a">Charmsizdat predstavljaet</subfield><subfield code="b">issledovanija, ėsse, vospominanija, katalog vystavki, bibliografija : [sbornik materialov] / [Muzej Anny Achmatovoj v Fontannom Dome]</subfield></datafield><datafield ind1=" " ind2="1" tag="264"><subfield code="6">880-02</subfield><subfield code="a">Sankt-Peterburg</subfield><subfield code="b">M.K.-Charmsizdat sovmestno s izd-vom &quot;Ardis&quot;</subfield><subfield code="c">1995</subfield></datafield><datafield ind1=" " ind2="1" tag="880"><subfield code="6">264-02/(N</subfield><subfield code="a">Санкт-Петербург</subfield><subfield code="b">М.К.-Хармсиздат совместно с изд-вом &quot;Ардис&quot;</subfield><subfield code="c">1995</subfield></datafield><datafield ind1=" " ind2=" " tag="300"><subfield code="a">129 p.</subfield><subfield code="b">ill.</subfield><subfield code="c">29 cm</subfield></datafield><datafield ind1=" " ind2=" " tag="336"><subfield code="b">txt</subfield><subfield code="2">rdacontent</subfield></datafield><datafield ind1=" " ind2=" " tag="337"><subfield code="b">n</subfield><subfield code="2">rdamedia</subfield></datafield><datafield ind1=" " ind2=" " tag="338"><subfield code="b">nc</subfield><subfield code="2">rdacarrier</subfield></datafield><datafield ind1="1" ind2="7" tag="600"><subfield code="a">Harms, Daniil Ivanovič</subfield><subfield code="d">1905-1942</subfield><subfield code="0">(IDREF)236762737</subfield><subfield code="2">idref</subfield></datafield><datafield ind1=" " ind2="7" tag="655"><subfield code="a">[Études diverses]</subfield><subfield code="0">(RERO)A022249905</subfield><subfield code="2">rero</subfield></datafield><datafield ind1="2" ind2=" " tag="710"><subfield code="6">880-03</subfield><subfield code="a">Muzej Anny Ahmatovoj v Fontannom Dome</subfield><subfield code="g">Saint-Pétersbourg</subfield><subfield code="0">(IDREF)115482784</subfield></datafield><datafield ind1="2" ind2=" " tag="880"><subfield code="6">710-03/(N</subfield><subfield code="a">Музей Анны Ахматовой в Фонтанном доме (Санкт-Петербург)</subfield></datafield><datafield ind1=" " ind2=" " tag="900"><subfield code="a">REROnoselfmerge</subfield></datafield></record>
</metadata></record>