<record><header><identifier>oai:alma.41SLSP_UGE:991000788089705502</identifier><datestamp>2024-10-19T00:13:32Z</datestamp><setSpec>uge_bcen_RapidILL_BOOK</setSpec><setSpec>uge_aaca_RapidILL_BOOK</setSpec><setSpec>uge_abels_RapidILL_BOOK</setSpec><setSpec>uge_dbu_RapidILL_BOOK</setSpec><setSpec>uge_cmu_RapidILL_BOOK</setSpec><setSpec>uge_mail_RapidILL_BOOK</setSpec><setSpec>uge_abbat_RapidILL_BOOK</setSpec><setSpec>UNIGE_ALL</setSpec><setSpec>uge_aobs_RapidILL_BOOK</setSpec><setSpec>uge_acar_RapidILL_BOOK</setSpec></header><metadata>
<record xmlns="http://www.loc.gov/MARC21/slim" xmlns:xsi="http://www.w3.org/2001/XMLSchema-instance" xsi:schemaLocation="http://www.loc.gov/MARC21/slim http://www.loc.gov/standards/marcxml/schema/MARC21slim.xsd"><leader>01250nam a2200313 c 4500</leader><controlfield tag="001">991000788089705502</controlfield><controlfield tag="005">20210206203932.0</controlfield><controlfield tag="008">181011s2005    rm ||||| |||| 00| ||rom d</controlfield><datafield ind1=" " ind2=" " tag="020"><subfield code="a">9737641000</subfield></datafield><datafield ind1=" " ind2=" " tag="020"><subfield code="a">9789737641007</subfield></datafield><datafield ind1=" " ind2=" " tag="035"><subfield code="a">(swissbib)125158033-41slsp_network</subfield></datafield><datafield ind1=" " ind2=" " tag="035"><subfield code="a">125158033</subfield><subfield code="9">ExL</subfield></datafield><datafield ind1=" " ind2=" " tag="035"><subfield code="a">(RERO)R008852381-41slsp</subfield></datafield><datafield ind1=" " ind2=" " tag="035"><subfield code="a">(EXLNZ-41SLSP_NETWORK)991115025469705501</subfield></datafield><datafield ind1=" " ind2=" " tag="040"><subfield code="a">NUKAT</subfield><subfield code="b">pol</subfield><subfield code="d">CH-ZuSLS</subfield></datafield><datafield ind1="0" ind2=" " tag="041"><subfield code="a">rom</subfield><subfield code="a">eng</subfield></datafield><datafield ind1=" " ind2="7" tag="072"><subfield code="a">ar</subfield><subfield code="2">rero</subfield></datafield><datafield ind1="1" ind2=" " tag="100"><subfield code="a">Dumitroaia, Gheorghe</subfield><subfield code="d">1949-2016</subfield><subfield code="0">(IDREF)128252073</subfield><subfield code="4">cre</subfield></datafield><datafield ind1="1" ind2="0" tag="245"><subfield code="a">Primul muzeum Cucuteni din România</subfield><subfield code="b">= The First Cucuteni museum of Romania</subfield><subfield code="c">Gh. Dumitroaia [et al.] ; cu un studiu asupra religiei şi artei culturii Cucuteni de D. Monah ; Muzeul de Istorie şi Arheologie Piatra-Neamţ, Centrum Internaţional de Cercetare a Culturii Cucuteni</subfield></datafield><datafield ind1="1" ind2=" " tag="246"><subfield code="a">First Cucuteni Museum of Romania</subfield></datafield><datafield ind1=" " ind2="1" tag="264"><subfield code="a">Piatra-Neamţ</subfield><subfield code="b">Editura Foton</subfield><subfield code="c">2005</subfield></datafield><datafield ind1=" " ind2=" " tag="300"><subfield code="a">175 s.</subfield><subfield code="b">il.</subfield><subfield code="c">24 cm</subfield></datafield><datafield ind1=" " ind2=" " tag="336"><subfield code="b">txt</subfield><subfield code="2">rdacontent</subfield></datafield><datafield ind1=" " ind2=" " tag="337"><subfield code="b">n</subfield><subfield code="2">rdamedia</subfield></datafield><datafield ind1=" " ind2=" " tag="338"><subfield code="b">nc</subfield><subfield code="2">rdacarrier</subfield></datafield><datafield ind1="1" ind2=" " tag="490"><subfield code="a">Bibliotheca Memoriae Antiquitatis</subfield><subfield code="v">15</subfield></datafield><datafield ind1=" " ind2=" " tag="504"><subfield code="a">Bibliogr. s. 174</subfield></datafield><datafield ind1=" " ind2="0" tag="830"><subfield code="a">Bibliotheca memoriae antiquitatis</subfield><subfield code="v">15</subfield></datafield><datafield ind1=" " ind2=" " tag="900"><subfield code="a">REROnoselfmerge</subfield></datafield><datafield ind1=" " ind2=" " tag="910"><subfield code="a">OCoLC</subfield><subfield code="b">20181011</subfield><subfield code="c">Réutilisation sous conditions: Licence ODC-BY</subfield></datafield></record>
</metadata></record>