<record><header><identifier>oai:alma.41SLSP_UGE:991000788919705502</identifier><datestamp>2023-03-01T01:10:08Z</datestamp><setSpec>uge_bcen_RapidILL_BOOK</setSpec><setSpec>uge_aaca_RapidILL_BOOK</setSpec><setSpec>uge_abels_RapidILL_BOOK</setSpec><setSpec>uge_dbu_RapidILL_BOOK</setSpec><setSpec>uge_cmu_RapidILL_BOOK</setSpec><setSpec>uge_mail_RapidILL_BOOK</setSpec><setSpec>UNIGE_ALL</setSpec><setSpec>uge_abbat_RapidILL_BOOK</setSpec><setSpec>uge_aobs_RapidILL_BOOK</setSpec><setSpec>uge_acar_RapidILL_BOOK</setSpec></header><metadata>
<record xmlns="http://www.loc.gov/MARC21/slim" xmlns:xsi="http://www.w3.org/2001/XMLSchema-instance" xsi:schemaLocation="http://www.loc.gov/MARC21/slim http://www.loc.gov/standards/marcxml/schema/MARC21slim.xsd"><leader>01184nam a2200325 c 4500</leader><controlfield tag="001">991000788919705502</controlfield><controlfield tag="005">20201225190402.0</controlfield><controlfield tag="008">880531s1973    ru ||||| |||| 00| ||fre d</controlfield><datafield ind1=" " ind2=" " tag="035"><subfield code="a">(swissbib)082801665-41slsp_network</subfield></datafield><datafield ind1=" " ind2=" " tag="035"><subfield code="a">082801665</subfield><subfield code="9">ExL</subfield></datafield><datafield ind1=" " ind2=" " tag="035"><subfield code="a">(RERO)0983023-41slsp</subfield></datafield><datafield ind1=" " ind2=" " tag="035"><subfield code="a">(EXLNZ-41SLSP_NETWORK)991136309529705501</subfield></datafield><datafield ind1=" " ind2=" " tag="040"><subfield code="a">RERO geussm</subfield><subfield code="d">CH-ZuSLS</subfield></datafield><datafield ind1="1" ind2=" " tag="041"><subfield code="a">fre</subfield><subfield code="h">rus</subfield></datafield><datafield ind1=" " ind2="7" tag="072"><subfield code="a">ma</subfield><subfield code="2">rero</subfield></datafield><datafield ind1=" " ind2=" " tag="084"><subfield code="a">27</subfield><subfield code="2">msc</subfield></datafield><datafield ind1="1" ind2=" " tag="100"><subfield code="a">Šilov, Georgij Evgenʹevič</subfield><subfield code="d">1917-1975</subfield><subfield code="0">(IDREF)033903867</subfield><subfield code="4">cre</subfield></datafield><datafield ind1="1" ind2="0" tag="245"><subfield code="a">Fonctions d'une variable</subfield><subfield code="c">G. Chilov ; [trad. du russe par Vitali Kharine]</subfield></datafield><datafield ind1=" " ind2="1" tag="264"><subfield code="a">Moscou</subfield><subfield code="b">Mir</subfield><subfield code="c">1973</subfield></datafield><datafield ind1=" " ind2=" " tag="300"><subfield code="a">3 parties en 2 vol.</subfield><subfield code="b">ill.</subfield><subfield code="c">22 cm</subfield></datafield><datafield ind1=" " ind2=" " tag="336"><subfield code="b">txt</subfield><subfield code="2">rdacontent</subfield></datafield><datafield ind1=" " ind2=" " tag="337"><subfield code="b">n</subfield><subfield code="2">rdamedia</subfield></datafield><datafield ind1=" " ind2=" " tag="338"><subfield code="b">nc</subfield><subfield code="2">rdacarrier</subfield></datafield><datafield ind1="1" ind2=" " tag="490"><subfield code="a">Analyse mathématique / G. Chilov</subfield></datafield><datafield ind1=" " ind2=" " tag="500"><subfield code="a">Traduit de: Funkcii odnogo peremennogo</subfield></datafield><datafield ind1=" " ind2=" " tag="500"><subfield code="a">Les parties 1 et 2 constituent un vol., et la partie 3 constitue le deuxième vol</subfield></datafield><datafield ind1=" " ind2=" " tag="504"><subfield code="a">Bibliogr</subfield></datafield><datafield ind1=" " ind2="7" tag="650"><subfield code="a">fonctions d'une variable</subfield><subfield code="0">(RERO)A010084071</subfield><subfield code="2">rerovoc</subfield></datafield><datafield ind1="1" ind2=" " tag="700"><subfield code="a">Vitali, Kharine</subfield><subfield code="0">(RERO)A006456183</subfield></datafield><datafield ind1="1" ind2=" " tag="800"><subfield code="a">Shilov, Georgiĭ Evgenʹevich</subfield><subfield code="d">1917-1975</subfield><subfield code="t">Analyse mathématique</subfield></datafield><datafield ind1=" " ind2=" " tag="900"><subfield code="a">REROnoselfmerge</subfield></datafield><datafield ind1=" " ind2=" " tag="961"><subfield code="2">ge-obs</subfield><subfield code="a">32.3</subfield><subfield code="9">LOCAL</subfield></datafield></record>
</metadata></record>