<record><header><identifier>oai:alma.41SLSP_UGE:991000788609705502</identifier><datestamp>2024-03-28T01:22:18Z</datestamp><setSpec>uge_bcen_RapidILL_BOOK</setSpec><setSpec>uge_aaca_RapidILL_BOOK</setSpec><setSpec>uge_abels_RapidILL_BOOK</setSpec><setSpec>uge_dbu_RapidILL_BOOK</setSpec><setSpec>uge_cmu_RapidILL_BOOK</setSpec><setSpec>uge_mail_RapidILL_BOOK</setSpec><setSpec>uge_abbat_RapidILL_BOOK</setSpec><setSpec>UNIGE_ALL</setSpec><setSpec>uge_acar_RapidILL_BOOK</setSpec><setSpec>uge_aobs_RapidILL_BOOK</setSpec></header><metadata>
<record xmlns="http://www.loc.gov/MARC21/slim" xmlns:xsi="http://www.w3.org/2001/XMLSchema-instance" xsi:schemaLocation="http://www.loc.gov/MARC21/slim http://www.loc.gov/standards/marcxml/schema/MARC21slim.xsd"><leader>01301nam a2200313 c 4500</leader><controlfield tag="001">991000788609705502</controlfield><controlfield tag="005">20240327152436.0</controlfield><controlfield tag="008">041005s2004    be ||||| |||| 00| ||lat d</controlfield><datafield ind1=" " ind2=" " tag="020"><subfield code="a">250305059X</subfield></datafield><datafield ind1=" " ind2=" " tag="035"><subfield code="a">(swissbib)101094868-41slsp_network</subfield></datafield><datafield ind1=" " ind2=" " tag="035"><subfield code="a">101094868</subfield><subfield code="9">ExL</subfield></datafield><datafield ind1=" " ind2=" " tag="035"><subfield code="a">(RERO)R003715584-41slsp</subfield></datafield><datafield ind1=" " ind2=" " tag="035"><subfield code="a">(EXLNZ-41SLSP_NETWORK)991029252889705501</subfield></datafield><datafield ind1=" " ind2=" " tag="040"><subfield code="a">RERO geuth-</subfield><subfield code="d">CH-ZuSLS</subfield></datafield><datafield ind1=" " ind2="7" tag="072"><subfield code="a">th</subfield><subfield code="2">rero</subfield></datafield><datafield ind1="1" ind2=" " tag="100"><subfield code="a">Hus, Jan</subfield><subfield code="d">1372?-1415</subfield><subfield code="0">(IDREF)029313570</subfield><subfield code="4">cre</subfield></datafield><datafield ind1="1" ind2="0" tag="245"><subfield code="a">Magistri Iohannis Hus Questiones</subfield><subfield code="c">ed. Jiří Kejř</subfield></datafield><datafield ind1=" " ind2="1" tag="264"><subfield code="a">Turnhout</subfield><subfield code="b">Brepols</subfield><subfield code="c">2004</subfield></datafield><datafield ind1=" " ind2=" " tag="300"><subfield code="a">XIX, 200 p.</subfield><subfield code="c">26 cm</subfield></datafield><datafield ind1=" " ind2=" " tag="336"><subfield code="b">txt</subfield><subfield code="2">rdacontent</subfield></datafield><datafield ind1=" " ind2=" " tag="337"><subfield code="b">n</subfield><subfield code="2">rdamedia</subfield></datafield><datafield ind1=" " ind2=" " tag="338"><subfield code="b">nc</subfield><subfield code="2">rdacarrier</subfield></datafield><datafield ind1="1" ind2=" " tag="490"><subfield code="a">Magistri Iohannis Hus opera omnia</subfield><subfield code="v">t. 19a</subfield></datafield><datafield ind1="1" ind2=" " tag="490"><subfield code="a">Corpus christianorum. Continuatio mediaevalis</subfield><subfield code="v">205</subfield></datafield><datafield ind1=" " ind2=" " tag="580"><subfield code="a">A pour suppl. : Iohannes Hus : Quaestiones / curante CTLO, Centre &quot;Traditio litterarum occidentalium&quot;. - (Corpus christianorum. Instrumenta lexicologica latina. Series A, Formae ; 165)</subfield></datafield><datafield ind1="1" ind2=" " tag="700"><subfield code="a">Kejř, Jiří</subfield><subfield code="0">(RERO)A003447359</subfield></datafield><datafield ind1="0" ind2=" " tag="770"><subfield code="t">Iohannes Hus : Quaestiones</subfield><subfield code="w">(RERO)R003812619-41slsp</subfield></datafield><datafield ind1="1" ind2=" " tag="800"><subfield code="a">Hus, Jan</subfield><subfield code="d">1369-1415</subfield><subfield code="t">Werke</subfield><subfield code="v">19a</subfield><subfield code="w">(RERO)1531784-41slsp</subfield></datafield><datafield ind1=" " ind2="0" tag="830"><subfield code="a">Corpus Christianorum</subfield><subfield code="p">Continuatio mediaevalis</subfield><subfield code="v">205</subfield><subfield code="w">(RERO)0025139-41slsp</subfield></datafield><datafield ind1=" " ind2=" " tag="900"><subfield code="a">REROnoselfmerge</subfield></datafield></record>
</metadata></record>