<record><header><identifier>oai:alma.41SLSP_UGE:991000788379705502</identifier><datestamp>2023-07-19T00:19:49Z</datestamp><setSpec>uge_bcen_RapidILL_BOOK</setSpec><setSpec>uge_aaca_RapidILL_BOOK</setSpec><setSpec>uge_abels_RapidILL_BOOK</setSpec><setSpec>uge_dbu_RapidILL_BOOK</setSpec><setSpec>uge_cmu_RapidILL_BOOK</setSpec><setSpec>uge_mail_RapidILL_BOOK</setSpec><setSpec>uge_abbat_RapidILL_BOOK</setSpec><setSpec>UNIGE_ALL</setSpec><setSpec>uge_aobs_RapidILL_BOOK</setSpec><setSpec>uge_acar_RapidILL_BOOK</setSpec></header><metadata>
<record xmlns="http://www.loc.gov/MARC21/slim" xmlns:xsi="http://www.w3.org/2001/XMLSchema-instance" xsi:schemaLocation="http://www.loc.gov/MARC21/slim http://www.loc.gov/standards/marcxml/schema/MARC21slim.xsd"><leader>03733naa a2200709 c 4500</leader><controlfield tag="001">991000788379705502</controlfield><controlfield tag="005">20230717195527.0</controlfield><controlfield tag="008">150225s2015    sz ||||| |||| 00| ||ger d</controlfield><datafield ind1=" " ind2=" " tag="035"><subfield code="a">(swissbib)121246647-41slsp_network</subfield></datafield><datafield ind1=" " ind2=" " tag="035"><subfield code="a">121246647</subfield><subfield code="9">ExL</subfield></datafield><datafield ind1=" " ind2=" " tag="035"><subfield code="a">(RERO)R008080029-41slsp</subfield></datafield><datafield ind1=" " ind2=" " tag="035"><subfield code="a">(EXLNZ-41SLSP_NETWORK)991022641069705501</subfield></datafield><datafield ind1=" " ind2=" " tag="040"><subfield code="a">RERO iftfla</subfield><subfield code="d">CH-ZuSLS</subfield></datafield><datafield ind1=" " ind2=" " tag="044"><subfield code="a">sz</subfield><subfield code="c">ch-be</subfield></datafield><datafield ind1=" " ind2="7" tag="072"><subfield code="a">dr</subfield><subfield code="2">rero</subfield></datafield><datafield ind1=" " ind2=" " tag="084"><subfield code="a">CA/CH 54 i</subfield><subfield code="2">cjurrom</subfield></datafield><datafield ind1="1" ind2=" " tag="100"><subfield code="a">Huber, Markus Frank</subfield><subfield code="d">1957-....</subfield><subfield code="0">(IDREF)256918201</subfield><subfield code="4">cre</subfield></datafield><datafield ind1="1" ind2="0" tag="245"><subfield code="a">Blickpunkt International</subfield><subfield code="c">Markus F. Huber, Sita Mahawattage, Marco Stoffel</subfield></datafield><datafield ind1=" " ind2=" " tag="336"><subfield code="b">txt</subfield><subfield code="2">rdacontent</subfield></datafield><datafield ind1=" " ind2=" " tag="337"><subfield code="b">n</subfield><subfield code="2">rdamedia</subfield></datafield><datafield ind1=" " ind2=" " tag="338"><subfield code="b">nc</subfield><subfield code="2">rdacarrier</subfield></datafield><datafield ind1=" " ind2=" " tag="580"><subfield code="a">In: Steuer Revue. - Muri-Bern. - Bd. 70(2015), Nr. 2, S. 124-130 ; Nr. 4, S. 322-328 ; Nr. 6, S. 494-499 ; Nr. 10, S. 768-773 ; Nr. 12, S. 966-970</subfield></datafield><datafield ind1=" " ind2="7" tag="650"><subfield code="a">internationale Doppelbesteuerung</subfield><subfield code="9">ger</subfield><subfield code="0">(RERO)jurivoc000011901ger</subfield><subfield code="2">jurivoc</subfield></datafield><datafield ind1=" " ind2="7" tag="650"><subfield code="a">Doppelbesteuerungsabkommen</subfield><subfield code="9">ger</subfield><subfield code="0">(RERO)jurivoc000005805ger</subfield><subfield code="2">jurivoc</subfield></datafield><datafield ind1=" " ind2="7" tag="650"><subfield code="a">administrative Rechtshilfe</subfield><subfield code="9">ger</subfield><subfield code="0">(RERO)jurivoc000000571ger</subfield><subfield code="2">jurivoc</subfield></datafield><datafield ind1=" " ind2="7" tag="650"><subfield code="a">Verrechnungssteuer</subfield><subfield code="9">ger</subfield><subfield code="0">(RERO)jurivoc000024991ger</subfield><subfield code="2">jurivoc</subfield></datafield><datafield ind1=" " ind2="7" tag="650"><subfield code="a">EU</subfield><subfield code="9">ger</subfield><subfield code="0">(RERO)jurivoc000007616ger</subfield><subfield code="2">jurivoc</subfield></datafield><datafield ind1=" " ind2="7" tag="650"><subfield code="a">Gemeinschaftsrecht</subfield><subfield code="9">ger</subfield><subfield code="0">(RERO)jurivoc000009467ger</subfield><subfield code="2">jurivoc</subfield></datafield><datafield ind1=" " ind2="7" tag="650"><subfield code="a">OECD</subfield><subfield code="9">ger</subfield><subfield code="0">(RERO)jurivoc000016282ger</subfield><subfield code="2">jurivoc</subfield></datafield><datafield ind1=" " ind2="7" tag="650"><subfield code="a">automatische Übermittlung von Beweismitteln</subfield><subfield code="9">ger</subfield><subfield code="0">(RERO)jurivoc000050203ger</subfield><subfield code="2">jurivoc</subfield></datafield><datafield ind1=" " ind2="7" tag="650"><subfield code="a">Steuer vom Unternehmungsgewinn</subfield><subfield code="9">ger</subfield><subfield code="0">(RERO)jurivoc000021379ger</subfield><subfield code="2">jurivoc</subfield></datafield><datafield ind1=" " ind2="7" tag="650"><subfield code="a">Revision(Rechtssetzung)</subfield><subfield code="9">ger</subfield><subfield code="0">(RERO)jurivoc000018895ger</subfield><subfield code="2">jurivoc</subfield></datafield><datafield ind1=" " ind2="7" tag="650"><subfield code="a">Dienstfahrt</subfield><subfield code="9">ger</subfield><subfield code="0">(RERO)jurivoc000005566ger</subfield><subfield code="2">jurivoc</subfield></datafield><datafield ind1=" " ind2="7" tag="650"><subfield code="a">Automobil</subfield><subfield code="9">ger</subfield><subfield code="0">(RERO)jurivoc000002575ger</subfield><subfield code="2">jurivoc</subfield></datafield><datafield ind1=" " ind2="7" tag="651"><subfield code="a">Schweiz</subfield><subfield code="9">ger</subfield><subfield code="0">(RERO)jurivoc000019912ger</subfield><subfield code="2">jurivoc</subfield></datafield><datafield ind1=" " ind2="7" tag="651"><subfield code="a">San Marino(Staat)</subfield><subfield code="9">ger</subfield><subfield code="0">(RERO)jurivoc000019341ger</subfield><subfield code="2">jurivoc</subfield></datafield><datafield ind1=" " ind2="7" tag="651"><subfield code="a">Ungarn</subfield><subfield code="9">ger</subfield><subfield code="0">(RERO)jurivoc000023577ger</subfield><subfield code="2">jurivoc</subfield></datafield><datafield ind1=" " ind2="7" tag="651"><subfield code="a">China</subfield><subfield code="9">ger</subfield><subfield code="0">(RERO)jurivoc000005068ger</subfield><subfield code="2">jurivoc</subfield></datafield><datafield ind1=" " ind2="7" tag="651"><subfield code="a">Pakistan</subfield><subfield code="9">ger</subfield><subfield code="0">(RERO)jurivoc000016750ger</subfield><subfield code="2">jurivoc</subfield></datafield><datafield ind1=" " ind2="7" tag="651"><subfield code="a">Syrien</subfield><subfield code="9">ger</subfield><subfield code="0">(RERO)jurivoc000022100ger</subfield><subfield code="2">jurivoc</subfield></datafield><datafield ind1=" " ind2="7" tag="651"><subfield code="a">Costa Rica</subfield><subfield code="9">ger</subfield><subfield code="0">(RERO)jurivoc000005242ger</subfield><subfield code="2">jurivoc</subfield></datafield><datafield ind1=" " ind2="7" tag="651"><subfield code="a">Saudi-Arabien</subfield><subfield code="9">ger</subfield><subfield code="0">(RERO)jurivoc000019388ger</subfield><subfield code="2">jurivoc</subfield></datafield><datafield ind1=" " ind2="7" tag="651"><subfield code="a">Israel</subfield><subfield code="9">ger</subfield><subfield code="0">(RERO)jurivoc000012127ger</subfield><subfield code="2">jurivoc</subfield></datafield><datafield ind1=" " ind2="7" tag="651"><subfield code="a">Deutschland</subfield><subfield code="9">ger</subfield><subfield code="0">(RERO)jurivoc000005510ger</subfield><subfield code="2">jurivoc</subfield></datafield><datafield ind1=" " ind2="7" tag="651"><subfield code="a">Vereinigtes Königreich</subfield><subfield code="9">ger</subfield><subfield code="0">(RERO)jurivoc000024332ger</subfield><subfield code="2">jurivoc</subfield></datafield><datafield ind1=" " ind2="7" tag="651"><subfield code="a">Liechtenstein</subfield><subfield code="9">ger</subfield><subfield code="0">(RERO)jurivoc000014286ger</subfield><subfield code="2">jurivoc</subfield></datafield><datafield ind1=" " ind2="7" tag="651"><subfield code="a">Belize</subfield><subfield code="9">ger</subfield><subfield code="0">(RERO)jurivoc000003186ger</subfield><subfield code="2">jurivoc</subfield></datafield><datafield ind1=" " ind2="7" tag="651"><subfield code="a">Grenada</subfield><subfield code="9">ger</subfield><subfield code="0">(RERO)jurivoc000010279ger</subfield><subfield code="2">jurivoc</subfield></datafield><datafield ind1=" " ind2="7" tag="651"><subfield code="a">Italien</subfield><subfield code="9">ger</subfield><subfield code="0">(RERO)jurivoc000012134ger</subfield><subfield code="2">jurivoc</subfield></datafield><datafield ind1=" " ind2="7" tag="651"><subfield code="a">Estland</subfield><subfield code="9">ger</subfield><subfield code="0">(RERO)jurivoc000007595ger</subfield><subfield code="2">jurivoc</subfield></datafield><datafield ind1=" " ind2="7" tag="651"><subfield code="a">Uruguay</subfield><subfield code="9">ger</subfield><subfield code="0">(RERO)jurivoc000024077ger</subfield><subfield code="2">jurivoc</subfield></datafield><datafield ind1=" " ind2="7" tag="651"><subfield code="a">Australien</subfield><subfield code="9">ger</subfield><subfield code="0">(RERO)jurivoc000002508ger</subfield><subfield code="2">jurivoc</subfield></datafield><datafield ind1=" " ind2="7" tag="651"><subfield code="a">Brasilien</subfield><subfield code="9">ger</subfield><subfield code="0">(RERO)jurivoc000004476ger</subfield><subfield code="2">jurivoc</subfield></datafield><datafield ind1=" " ind2="7" tag="651"><subfield code="a">Griechenland</subfield><subfield code="9">ger</subfield><subfield code="0">(RERO)jurivoc000010332ger</subfield><subfield code="2">jurivoc</subfield></datafield><datafield ind1=" " ind2="7" tag="651"><subfield code="a">Oman</subfield><subfield code="9">ger</subfield><subfield code="0">(RERO)jurivoc000016517ger</subfield><subfield code="2">jurivoc</subfield></datafield><datafield ind1=" " ind2="7" tag="651"><subfield code="a">Norwegen</subfield><subfield code="9">ger</subfield><subfield code="0">(RERO)jurivoc000016083ger</subfield><subfield code="2">jurivoc</subfield></datafield><datafield ind1=" " ind2="7" tag="651"><subfield code="a">Bosnien-Herzegowina</subfield><subfield code="9">ger</subfield><subfield code="0">(RERO)jurivoc000004441ger</subfield><subfield code="2">jurivoc</subfield></datafield><datafield ind1=" " ind2="7" tag="651"><subfield code="a">Süd-Korea</subfield><subfield code="9">ger</subfield><subfield code="0">(RERO)jurivoc000022030ger</subfield><subfield code="2">jurivoc</subfield></datafield><datafield ind1=" " ind2="7" tag="651"><subfield code="a">Sri Lanka</subfield><subfield code="9">ger</subfield><subfield code="0">(RERO)jurivoc000021099ger</subfield><subfield code="2">jurivoc</subfield></datafield><datafield ind1=" " ind2="7" tag="651"><subfield code="a">Frankreich</subfield><subfield code="9">ger</subfield><subfield code="0">(RERO)jurivoc000008683ger</subfield><subfield code="2">jurivoc</subfield></datafield><datafield ind1="1" ind2=" " tag="700"><subfield code="a">Mahawattage, Sita</subfield><subfield code="0">(RERO)A025103876</subfield></datafield><datafield ind1="1" ind2=" " tag="700"><subfield code="a">Stoffel, Marco</subfield><subfield code="0">(RERO)A025103877</subfield></datafield><datafield ind1="0" ind2=" " tag="773"><subfield code="t">Steuer Revue = Revue fiscale</subfield><subfield code="g">2015/124</subfield><subfield code="g">yr:2015</subfield><subfield code="g">2015/322</subfield><subfield code="g">2015/494</subfield><subfield code="g">2015/768</subfield><subfield code="g">2015/966</subfield><subfield code="w">(RERO)0091839-41slsp</subfield></datafield></record>
</metadata></record>