<record><header><identifier>oai:alma.41SLSP_UGE:991000788389705502</identifier><datestamp>2023-04-11T00:13:54Z</datestamp><setSpec>uge_bcen_RapidILL_BOOK</setSpec><setSpec>uge_aaca_RapidILL_BOOK</setSpec><setSpec>uge_abels_RapidILL_BOOK</setSpec><setSpec>uge_dbu_RapidILL_BOOK</setSpec><setSpec>uge_cmu_RapidILL_BOOK</setSpec><setSpec>uge_mail_RapidILL_BOOK</setSpec><setSpec>uge_abbat_RapidILL_BOOK</setSpec><setSpec>UNIGE_ALL</setSpec><setSpec>uge_acar_RapidILL_BOOK</setSpec><setSpec>uge_aobs_RapidILL_BOOK</setSpec></header><metadata>
<record xmlns="http://www.loc.gov/MARC21/slim" xmlns:xsi="http://www.w3.org/2001/XMLSchema-instance" xsi:schemaLocation="http://www.loc.gov/MARC21/slim http://www.loc.gov/standards/marcxml/schema/MARC21slim.xsd"><leader>02071nam a2200445 c 4500</leader><controlfield tag="001">991000788389705502</controlfield><controlfield tag="005">20230410161727.0</controlfield><controlfield tag="008">131203s2013    sz ||||| |||| 10| ||fre d</controlfield><datafield ind1=" " ind2=" " tag="020"><subfield code="a">9782051026116</subfield></datafield><datafield ind1=" " ind2=" " tag="035"><subfield code="a">(swissbib)11863657X-41slsp_network</subfield></datafield><datafield ind1=" " ind2=" " tag="035"><subfield code="a">11863657X</subfield><subfield code="9">ExL</subfield></datafield><datafield ind1=" " ind2=" " tag="035"><subfield code="a">(RERO)R007559061-41slsp</subfield></datafield><datafield ind1=" " ind2=" " tag="035"><subfield code="a">(EXLNZ-41SLSP_NETWORK)991046430629705501</subfield></datafield><datafield ind1=" " ind2=" " tag="040"><subfield code="a">RERO labcur</subfield><subfield code="d">CH-ZuSLS</subfield></datafield><datafield ind1="0" ind2=" " tag="041"><subfield code="a">eng</subfield><subfield code="a">fre</subfield></datafield><datafield ind1=" " ind2=" " tag="044"><subfield code="a">sz</subfield><subfield code="c">ch-ge</subfield></datafield><datafield ind1=" " ind2="7" tag="072"><subfield code="a">ht</subfield><subfield code="2">rero</subfield></datafield><datafield ind1=" " ind2="7" tag="072"><subfield code="a">sp</subfield><subfield code="2">rero</subfield></datafield><datafield ind1="0" ind2="0" tag="245"><subfield code="a">Sismondi</subfield><subfield code="b">républicanisme moderne et libéralisme critique = modern republicanism and critical liberalism</subfield><subfield code="c">sous la direction de Béla Kapossy et Pascal Bridel</subfield></datafield><datafield ind1="1" ind2=" " tag="246"><subfield code="a">Sismondi</subfield><subfield code="b">modern republicanism and critical liberalism</subfield></datafield><datafield ind1=" " ind2="1" tag="264"><subfield code="a">Genève</subfield><subfield code="b">Slatkine</subfield><subfield code="c">2013</subfield></datafield><datafield ind1=" " ind2=" " tag="300"><subfield code="a">VII, 244 p.</subfield><subfield code="b">ill.</subfield><subfield code="c">22 cm</subfield></datafield><datafield ind1=" " ind2=" " tag="336"><subfield code="b">txt</subfield><subfield code="2">rdacontent</subfield></datafield><datafield ind1=" " ind2=" " tag="337"><subfield code="b">n</subfield><subfield code="2">rdamedia</subfield></datafield><datafield ind1=" " ind2=" " tag="338"><subfield code="b">nc</subfield><subfield code="2">rdacarrier</subfield></datafield><datafield ind1="1" ind2=" " tag="490"><subfield code="a">Travaux et recherches de l'Institut Benjamin Constant</subfield><subfield code="v">14</subfield></datafield><datafield ind1=" " ind2=" " tag="500"><subfield code="a">Textes en anglais ou en français</subfield></datafield><datafield ind1=" " ind2=" " tag="500"><subfield code="a">Actes du colloque international &quot;Sismondi : entre libéralisme critique et républicanisme moderne&quot; organisé à l'Université de Neuchâtel, Faculté des Lettres, 2-3 juillet 2010</subfield></datafield><datafield ind1=" " ind2=" " tag="504"><subfield code="a">Index.</subfield></datafield><datafield ind1="8" ind2=" " tag="520"><subfield code="a">Contient de nombreuses références à Benjamin Constant</subfield><subfield code="5">RERO/vdbcul/vlb/12.2013</subfield></datafield><datafield ind1="1" ind2="7" tag="600"><subfield code="a">Sismondi, Jean Charles Léonard Simonde de</subfield><subfield code="d">1773-1842</subfield><subfield code="0">(IDREF)02714061X</subfield><subfield code="2">idref</subfield></datafield><datafield ind1=" " ind2="7" tag="650"><subfield code="a">Libéralisme</subfield><subfield code="0">(IDREF)027519163</subfield><subfield code="2">idref</subfield></datafield><datafield ind1=" " ind2="7" tag="650"><subfield code="a">Républicanisme</subfield><subfield code="0">(IDREF)027458326</subfield><subfield code="2">idref</subfield></datafield><datafield ind1=" " ind2="7" tag="650"><subfield code="a">Intellectuels européens</subfield><subfield code="0">(IDREF)028701658</subfield><subfield code="2">idref</subfield></datafield><datafield ind1=" " ind2="7" tag="650"><subfield code="a">Intellectuels suisses genevois</subfield><subfield code="0">(RERO)A022268771</subfield><subfield code="2">rero</subfield></datafield><datafield ind1=" " ind2="7" tag="655"><subfield code="a">Actes de congrès</subfield><subfield code="0">(IDREF)02886431X</subfield><subfield code="2">idref</subfield></datafield><datafield ind1="1" ind2=" " tag="700"><subfield code="a">Kapossy, Béla</subfield><subfield code="d">1965-....</subfield><subfield code="0">(IDREF)119107570</subfield></datafield><datafield ind1="1" ind2=" " tag="700"><subfield code="a">Bridel, Pascal</subfield><subfield code="d">1948-....</subfield><subfield code="0">(IDREF)02917824X</subfield></datafield><datafield ind1="2" ind2=" " tag="710"><subfield code="a">Université de Neuchâtel</subfield><subfield code="b">Faculté des lettres et sciences humaines</subfield><subfield code="b">Colloque</subfield><subfield code="d">2010</subfield><subfield code="c">Neuchâtel</subfield><subfield code="0">(RERO)A024398442</subfield></datafield><datafield ind1=" " ind2="0" tag="830"><subfield code="a">Travaux et recherches de l'Institut Benjamin Constant</subfield><subfield code="v">14</subfield><subfield code="w">(RERO)1623640-41slsp</subfield></datafield><datafield ind1=" " ind2=" " tag="900"><subfield code="a">REROnoselfmerge</subfield></datafield></record>
</metadata></record>