<record><header><identifier>oai:alma.41SLSP_UGE:991000788909705502</identifier><datestamp>2023-08-04T00:25:33Z</datestamp><setSpec>uge_bcen_RapidILL_BOOK</setSpec><setSpec>uge_aaca_RapidILL_BOOK</setSpec><setSpec>uge_abels_RapidILL_BOOK</setSpec><setSpec>uge_dbu_RapidILL_BOOK</setSpec><setSpec>uge_cmu_RapidILL_BOOK</setSpec><setSpec>uge_mail_RapidILL_BOOK</setSpec><setSpec>uge_abbat_RapidILL_BOOK</setSpec><setSpec>UNIGE_ALL</setSpec><setSpec>uge_acar_RapidILL_BOOK</setSpec><setSpec>uge_aobs_RapidILL_BOOK</setSpec></header><metadata>
<record xmlns="http://www.loc.gov/MARC21/slim" xmlns:xsi="http://www.w3.org/2001/XMLSchema-instance" xsi:schemaLocation="http://www.loc.gov/MARC21/slim http://www.loc.gov/standards/marcxml/schema/MARC21slim.xsd"><leader>01188nam a2200289 c 4500</leader><controlfield tag="001">991000788909705502</controlfield><controlfield tag="005">20201227135058.0</controlfield><controlfield tag="008">920121s1991    gw ||||| |||| 00| ||eng d</controlfield><datafield ind1=" " ind2=" " tag="020"><subfield code="a">352720119X</subfield><subfield code="q">Weinheim</subfield></datafield><datafield ind1=" " ind2=" " tag="020"><subfield code="a">089573169X</subfield><subfield code="q">New York</subfield></datafield><datafield ind1=" " ind2=" " tag="035"><subfield code="a">(swissbib)092533183-41slsp_network</subfield></datafield><datafield ind1=" " ind2=" " tag="035"><subfield code="a">092533183</subfield><subfield code="9">ExL</subfield></datafield><datafield ind1=" " ind2=" " tag="035"><subfield code="a">(RERO)1478355-41slsp</subfield></datafield><datafield ind1=" " ind2=" " tag="035"><subfield code="a">(EXLNZ-41SLSP_NETWORK)991068280669705501</subfield></datafield><datafield ind1=" " ind2=" " tag="040"><subfield code="a">RERO geussc</subfield><subfield code="d">CH-ZuSLS</subfield></datafield><datafield ind1=" " ind2="7" tag="072"><subfield code="a">ch</subfield><subfield code="2">rero</subfield></datafield><datafield ind1=" " ind2="7" tag="072"><subfield code="a">in</subfield><subfield code="2">rero</subfield></datafield><datafield ind1="0" ind2="0" tag="245"><subfield code="a">Ullmann's encyclopedia of industrial chemistry</subfield><subfield code="c">executive ed. Wolfgang Gerhartz ; senior ed. Y. Stephen Yamamoto ; ed. F. Thomas Campbell, Rudolf Pfefferkorn, James F. Rounsaville.</subfield><subfield code="n">Part A</subfield><subfield code="p">Alphabetically arranged articles.</subfield><subfield code="n">Vol. 19</subfield><subfield code="p">Parkinsonism treatment to Photoelectricity / ed. Barbara Elvers, Stephen Hawkins, Gail Schulz</subfield></datafield><datafield ind1=" " ind2=" " tag="250"><subfield code="a">5th, completely rev. ed</subfield></datafield><datafield ind1=" " ind2="1" tag="264"><subfield code="a">Weinheim</subfield><subfield code="a">Deerfield Beach Fla. [etc.]</subfield><subfield code="b">Verlag Chemie</subfield><subfield code="c">[1991]</subfield></datafield><datafield ind1=" " ind2="4" tag="264"><subfield code="c">© 1991</subfield></datafield><datafield ind1=" " ind2=" " tag="300"><subfield code="a">XV, 605 p.</subfield><subfield code="b">ill.</subfield><subfield code="c">26 cm</subfield></datafield><datafield ind1=" " ind2=" " tag="336"><subfield code="b">txt</subfield><subfield code="2">rdacontent</subfield></datafield><datafield ind1=" " ind2=" " tag="337"><subfield code="b">n</subfield><subfield code="2">rdamedia</subfield></datafield><datafield ind1=" " ind2=" " tag="338"><subfield code="b">nc</subfield><subfield code="2">rdacarrier</subfield></datafield><datafield ind1="1" ind2=" " tag="700"><subfield code="a">Elvers, Barbara</subfield><subfield code="d">19..-....</subfield><subfield code="0">(IDREF)056882467</subfield></datafield><datafield ind1=" " ind2="0" tag="830"><subfield code="a">Ullmann's encyclopedia of industrial chemistry</subfield><subfield code="v">A,19</subfield></datafield><datafield ind1=" " ind2=" " tag="900"><subfield code="a">REROnoselfmerge</subfield></datafield></record>
</metadata></record>