<record><header><identifier>oai:alma.41SLSP_UGE:991000788079705502</identifier><datestamp>2023-03-01T01:10:08Z</datestamp><setSpec>uge_bcen_RapidILL_BOOK</setSpec><setSpec>uge_aaca_RapidILL_BOOK</setSpec><setSpec>uge_abels_RapidILL_BOOK</setSpec><setSpec>uge_dbu_RapidILL_BOOK</setSpec><setSpec>uge_cmu_RapidILL_BOOK</setSpec><setSpec>uge_mail_RapidILL_BOOK</setSpec><setSpec>UNIGE_ALL</setSpec><setSpec>uge_abbat_RapidILL_BOOK</setSpec><setSpec>uge_aobs_RapidILL_BOOK</setSpec><setSpec>uge_acar_RapidILL_BOOK</setSpec></header><metadata>
<record xmlns="http://www.loc.gov/MARC21/slim" xmlns:xsi="http://www.w3.org/2001/XMLSchema-instance" xsi:schemaLocation="http://www.loc.gov/MARC21/slim http://www.loc.gov/standards/marcxml/schema/MARC21slim.xsd"><leader>01177nam a2200313 c 4500</leader><controlfield tag="001">991000788079705502</controlfield><controlfield tag="005">20201225184321.0</controlfield><controlfield tag="008">870513r19791799sz ||||| |||| 00| ||fre d</controlfield><datafield ind1=" " ind2=" " tag="020"><subfield code="a">2051000026</subfield></datafield><datafield ind1=" " ind2=" " tag="035"><subfield code="a">(swissbib)081750382-41slsp_network</subfield></datafield><datafield ind1=" " ind2=" " tag="035"><subfield code="a">081750382</subfield><subfield code="9">ExL</subfield></datafield><datafield ind1=" " ind2=" " tag="035"><subfield code="a">(RERO)0841509-41slsp</subfield></datafield><datafield ind1=" " ind2=" " tag="035"><subfield code="a">(EXLNZ-41SLSP_NETWORK)991081245699705501</subfield></datafield><datafield ind1=" " ind2=" " tag="040"><subfield code="a">RERO gevbpu</subfield><subfield code="d">CH-ZuSLS</subfield></datafield><datafield ind1=" " ind2=" " tag="044"><subfield code="a">sz</subfield><subfield code="c">ch-ge</subfield></datafield><datafield ind1=" " ind2="7" tag="072"><subfield code="a">fr</subfield><subfield code="2">rero</subfield></datafield><datafield ind1="1" ind2=" " tag="100"><subfield code="a">Mercier, Louis-Sébastien</subfield><subfield code="d">1740-1814</subfield><subfield code="0">(IDREF)027023702</subfield><subfield code="4">cre</subfield></datafield><datafield ind1="1" ind2="0" tag="245"><subfield code="a">&lt;&lt;L'&gt;&gt;an deux mille quatre cent quarante</subfield><subfield code="b">; suivi de L'homme de fer</subfield><subfield code="c">Louis Sébastien Mercier</subfield></datafield><datafield ind1=" " ind2=" " tag="250"><subfield code="a">[Réimpr.]</subfield><subfield code="b">avec une préf. de Raymond Trousson</subfield></datafield><datafield ind1=" " ind2="1" tag="264"><subfield code="a">Genève</subfield><subfield code="b">Slatkine Reprints</subfield><subfield code="c">1979</subfield></datafield><datafield ind1=" " ind2=" " tag="300"><subfield code="a">3 part. en 1 vol.</subfield><subfield code="b">ill.</subfield><subfield code="c">22 cm</subfield></datafield><datafield ind1=" " ind2=" " tag="336"><subfield code="b">txt</subfield><subfield code="2">rdacontent</subfield></datafield><datafield ind1=" " ind2=" " tag="337"><subfield code="b">n</subfield><subfield code="2">rdamedia</subfield></datafield><datafield ind1=" " ind2=" " tag="338"><subfield code="b">nc</subfield><subfield code="2">rdacarrier</subfield></datafield><datafield ind1="1" ind2=" " tag="490"><subfield code="a">Bibliothèque des voyages aux pays de nulle part</subfield><subfield code="v">2</subfield></datafield><datafield ind1=" " ind2=" " tag="534"><subfield code="p">Reprod. de l'éd. de:</subfield><subfield code="c">Paris, 1799</subfield></datafield><datafield ind1="1" ind2=" " tag="700"><subfield code="a">Trousson, Raymond</subfield><subfield code="d">1936-2013</subfield><subfield code="0">(IDREF)027170268</subfield></datafield><datafield ind1="1" ind2="2" tag="700"><subfield code="a">Mercier, Louis-Sébastien</subfield><subfield code="t">&lt;&lt;L'&gt;&gt;homme de fer</subfield></datafield><datafield ind1=" " ind2=" " tag="830"><subfield code="a">Bibliothèque des voyages aux pays de nulle part</subfield><subfield code="v">2</subfield><subfield code="w">(RERO)0338522-41slsp</subfield></datafield><datafield ind1=" " ind2=" " tag="900"><subfield code="a">REROnoselfmerge</subfield></datafield></record>
</metadata></record>