<record><header><identifier>oai:alma.41SLSP_UGE:991000768189705502</identifier><datestamp>2023-03-01T01:10:08Z</datestamp><setSpec>UNIGE_ALL</setSpec></header><metadata>
<record xmlns="http://www.loc.gov/MARC21/slim" xmlns:xsi="http://www.w3.org/2001/XMLSchema-instance" xsi:schemaLocation="http://www.loc.gov/MARC21/slim http://www.loc.gov/standards/marcxml/schema/MARC21slim.xsd"><leader>03191njm a2200625 ca4500</leader><controlfield tag="001">991000768189705502</controlfield><controlfield tag="005">20211019204021.0</controlfield><controlfield tag="007">sd f||g|||||||</controlfield><controlfield tag="008">201011s1989    xx ||n |            und d</controlfield><datafield ind1=" " ind2=" " tag="019"><subfield code="a">Datenimport aus BIBDIA ZB Solothurn</subfield><subfield code="5">IDSBB/09.01.2019/A150/bmt</subfield></datafield><datafield ind1="0" ind2="2" tag="028"><subfield code="a">Claves CD 50-8913/14</subfield></datafield><datafield ind1="0" ind2="2" tag="028"><subfield code="a">CD 50-8913/14</subfield><subfield code="b">Claves</subfield></datafield><datafield ind1=" " ind2=" " tag="035"><subfield code="a">(swissbib)220647836-41slsp_network</subfield></datafield><datafield ind1=" " ind2=" " tag="035"><subfield code="a">220647836</subfield><subfield code="9">ExL</subfield></datafield><datafield ind1=" " ind2=" " tag="035"><subfield code="a">(RERO)R006024576-41slsp</subfield></datafield><datafield ind1=" " ind2=" " tag="035"><subfield code="a">(IDSBB)002600300DSV01</subfield></datafield><datafield ind1=" " ind2=" " tag="035"><subfield code="a">(NEBIS)009730257EBI01</subfield></datafield><datafield ind1=" " ind2=" " tag="035"><subfield code="a">(IDSBB)006868609DSV01</subfield></datafield><datafield ind1=" " ind2=" " tag="035"><subfield code="a">(EXLNZ-41SLSP_NETWORK)991015310099705501</subfield></datafield><datafield ind1=" " ind2=" " tag="040"><subfield code="a">RERO geulmu</subfield><subfield code="d">CH-ZuSLS</subfield></datafield><datafield ind1=" " ind2="7" tag="072"><subfield code="a">mu</subfield><subfield code="2">rero</subfield></datafield><datafield ind1=" " ind2="7" tag="072"><subfield code="a">mu</subfield><subfield code="2">SzZuIDS BS/BE</subfield></datafield><datafield ind1="1" ind2="4" tag="082"><subfield code="a">780</subfield><subfield code="2">15</subfield></datafield><datafield ind1="1" ind2=" " tag="100"><subfield code="a">Mozart, Wolfgang Amadeus</subfield><subfield code="d">1756-1791</subfield><subfield code="0">(DE-588)118584596</subfield><subfield code="6">880-01</subfield></datafield><datafield ind1="1" ind2=" " tag="880"><subfield code="6">100-01</subfield><subfield code="a">Mozart, Wolfgang Amadeus</subfield><subfield code="d">1756-1791</subfield><subfield code="0">(IDREF)028266358</subfield><subfield code="4">cre</subfield></datafield><datafield ind1="1" ind2="0" tag="240"><subfield code="a">Werke</subfield><subfield code="m">Vl Orch</subfield></datafield><datafield ind1="1" ind2="0" tag="245"><subfield code="a">&lt;&lt;I&gt;&gt; concerti per violino e orchestra</subfield><subfield code="c">Wolfgang Amadeus Mozart</subfield></datafield><datafield ind1="1" ind2="1" tag="246"><subfield code="a">Violinkonzerte</subfield></datafield><datafield ind1=" " ind2="1" tag="264"><subfield code="a">Thun</subfield><subfield code="b">Claves</subfield><subfield code="c">1989</subfield></datafield><datafield ind1=" " ind2=" " tag="300"><subfield code="a">2 disques compacts</subfield><subfield code="b">stéréo, DDD</subfield></datafield><datafield ind1=" " ind2=" " tag="336"><subfield code="b">prm</subfield><subfield code="2">rdacontent</subfield></datafield><datafield ind1=" " ind2=" " tag="337"><subfield code="b">s</subfield><subfield code="2">rdamedia</subfield></datafield><datafield ind1=" " ind2=" " tag="338"><subfield code="b">sd</subfield><subfield code="2">rdacarrier</subfield></datafield><datafield ind1=" " ind2=" " tag="500"><subfield code="a">Durée: 132 minutes et 24 secondes</subfield></datafield><datafield ind1=" " ind2=" " tag="500"><subfield code="a">Enregistrement: 1989</subfield></datafield><datafield ind1=" " ind2=" " tag="500"><subfield code="a">Formation: violon, orchestre symphonique ; violon, orchestre de chambre</subfield></datafield><datafield ind1=" " ind2=" " tag="500"><subfield code="a">Opus: KV 207 ; KV 211 ; KV 216 ; KV 218 ; KV 219 ; KV 261 ; KV 269 ; KV 373</subfield></datafield><datafield ind1=" " ind2=" " tag="500"><subfield code="a">Tonalité: Si bémol majeur ; Ré majeur ; Sol majeur ; La majeur</subfield></datafield><datafield ind1=" " ind2=" " tag="500"><subfield code="a">Aufnahmen Padova 1989</subfield></datafield><datafield ind1="0" ind2=" " tag="505"><subfield code="a">[Concertos. Violon, orchestre. N° 1. KV 207. Si bémol majeur] ; [Concertos. Violon, orchestre. N° 2. KV 211. Ré majeur] ; [Concertos. Violon, orchestre. N° 3. KV 216. Sol majeur] ; [Concertos. Violon, orchestre. N° 4. KV 218. Ré majeur] ; [Concertos. Violon, orchestre. N° 5. KV 219. La majeur]</subfield></datafield><datafield ind1="0" ind2=" " tag="505"><subfield code="a">Mozart, Wolfgang Amadeus : [Rondos. Violon, orchestre. KV 261a (269). Si bémol majeur] ; Mozart, Wolfgang Amadeus : [Rondo. Violon solo, orchestre. KV 373. Do majeur] ; Mozart, Wolfgang Amadeus : [Adagio. Violon solo, orchestre. KV 261. Mi majeur]</subfield></datafield><datafield ind1="0" ind2="0" tag="505"><subfield code="g">CD 2</subfield><subfield code="t">Concerto n.4 in re maggiore K. 218</subfield><subfield code="t">Concerto n. 1 in la maggiore K. 219</subfield><subfield code="t">Adagio in mi maggiore K. 261</subfield><subfield code="t">Rondo in si bemolle maggiore K. 269</subfield><subfield code="t">Rondo in do maggiore K. 373</subfield></datafield><datafield ind1="0" ind2="0" tag="505"><subfield code="g">CD 1</subfield><subfield code="t">Concerto n. 1 in si bemolle maggiore K. 207</subfield><subfield code="t">Concerto n. 2 in re maggiore K. 211</subfield><subfield code="t">Concerto n. 3 in sol maggiore K. 216</subfield></datafield><datafield ind1="0" ind2=" " tag="511"><subfield code="a">Interpr.: Franco Gulli (Vl) ; Orchestra da camera di Padova e del Veneto ; Bruno Giuranna (Dir)</subfield></datafield><datafield ind1=" " ind2="7" tag="655"><subfield code="a">CD</subfield><subfield code="2">gnd-carrier</subfield></datafield><datafield ind1=" " ind2=" " tag="690"><subfield code="a">Klassische Musik</subfield><subfield code="2">zbs-FS</subfield></datafield><datafield ind1=" " ind2=" " tag="690"><subfield code="a">Orchestermusik</subfield><subfield code="2">zbs-FS</subfield></datafield><datafield ind1="1" ind2=" " tag="700"><subfield code="a">Giuranna, Bruno</subfield><subfield code="d">1933-</subfield><subfield code="0">(DE-588)134385837</subfield><subfield code="6">880-02</subfield></datafield><datafield ind1="1" ind2=" " tag="880"><subfield code="6">700-02</subfield><subfield code="a">Giuranna, Bruno</subfield><subfield code="d">1933-....</subfield><subfield code="0">(IDREF)189476729</subfield></datafield><datafield ind1="1" ind2=" " tag="700"><subfield code="a">Gulli, Franco</subfield><subfield code="c">violoniste</subfield><subfield code="d">1926-2001</subfield><subfield code="0">(IDREF)157995089</subfield></datafield><datafield ind1="2" ind2=" " tag="710"><subfield code="a">Orchestra da Camera di Padova e del Veneto</subfield><subfield code="0">(DE-588)5079688-4</subfield></datafield><datafield ind1="2" ind2=" " tag="710"><subfield code="a">Giuranna, Bruno</subfield></datafield><datafield ind1="2" ind2=" " tag="710"><subfield code="a">Orchestra da Camera di Padova e del Veneto</subfield></datafield><datafield ind1="2" ind2=" " tag="710"><subfield code="a">Orchestra da Camera di Padova e del Veneto</subfield><subfield code="0">(IDREF)17650947X</subfield></datafield><datafield ind1=" " ind2=" " tag="900"><subfield code="a">REROnoselfmerge</subfield></datafield><datafield ind1=" " ind2=" " tag="900"><subfield code="a">IDSBBnoselfmerge</subfield></datafield><datafield ind1=" " ind2=" " tag="960"><subfield code="2">matmu</subfield><subfield code="a">Autriche ; XVIIIe ; Classicisme ; Concertos ; Violon ; Orchestre</subfield><subfield code="9">LOCAL</subfield></datafield></record>
</metadata></record>