<record><header><identifier>oai:alma.41SLSP_UGE:991000768499705502</identifier><datestamp>2024-01-11T01:16:17Z</datestamp><setSpec>uge_bcen_RapidILL_BOOK</setSpec><setSpec>uge_aaca_RapidILL_BOOK</setSpec><setSpec>uge_abels_RapidILL_BOOK</setSpec><setSpec>uge_dbu_RapidILL_BOOK</setSpec><setSpec>uge_cmu_RapidILL_BOOK</setSpec><setSpec>uge_mail_RapidILL_BOOK</setSpec><setSpec>uge_abbat_RapidILL_BOOK</setSpec><setSpec>UNIGE_ALL</setSpec><setSpec>uge_acar_RapidILL_BOOK</setSpec><setSpec>uge_aobs_RapidILL_BOOK</setSpec></header><metadata>
<record xmlns="http://www.loc.gov/MARC21/slim" xmlns:xsi="http://www.w3.org/2001/XMLSchema-instance" xsi:schemaLocation="http://www.loc.gov/MARC21/slim http://www.loc.gov/standards/marcxml/schema/MARC21slim.xsd"><leader>01494nam a2200373 c 4500</leader><controlfield tag="001">991000768499705502</controlfield><controlfield tag="005">20240110135751.0</controlfield><controlfield tag="008">110310s2011    fr ||||| |||| 00| ||fre d</controlfield><datafield ind1=" " ind2=" " tag="020"><subfield code="a">9782912107589</subfield></datafield><datafield ind1="7" ind2=" " tag="024"><subfield code="a">http://catalogue.bnf.fr/ark:/12148/cb42373671m</subfield><subfield code="2">uri</subfield></datafield><datafield ind1=" " ind2=" " tag="035"><subfield code="a">(swissbib)113131097-41slsp_network</subfield></datafield><datafield ind1=" " ind2=" " tag="035"><subfield code="a">113131097</subfield><subfield code="9">ExL</subfield></datafield><datafield ind1=" " ind2=" " tag="035"><subfield code="a">(RERO)R005954023-41slsp</subfield></datafield><datafield ind1=" " ind2=" " tag="035"><subfield code="a">(EXLNZ-41SLSP_NETWORK)991128087029705501</subfield></datafield><datafield ind1=" " ind2=" " tag="040"><subfield code="a">RERO vsbcvs</subfield><subfield code="b">fre</subfield><subfield code="e">rda</subfield><subfield code="d">CH-ZuSLS</subfield></datafield><datafield ind1=" " ind2="7" tag="072"><subfield code="a">so</subfield><subfield code="2">rero</subfield></datafield><datafield ind1="7" ind2="4" tag="082"><subfield code="a">300</subfield><subfield code="2">23sdnb</subfield></datafield><datafield ind1="1" ind2=" " tag="100"><subfield code="a">Devetter, François-Xavier</subfield><subfield code="0">(IDREF)06070005X</subfield><subfield code="4">aut</subfield></datafield><datafield ind1="1" ind2="0" tag="245"><subfield code="a">Du balai</subfield><subfield code="b">essai sur le ménage à domicile et le retour de la domesticité</subfield><subfield code="c">François-Xavier Devetter et Sandrine Rousseau</subfield></datafield><datafield ind1=" " ind2="1" tag="264"><subfield code="a">Ivry-sur-Seine</subfield><subfield code="b">Raisons d'agir éd.</subfield><subfield code="c">[2011]</subfield></datafield><datafield ind1=" " ind2=" " tag="300"><subfield code="a">140 pages</subfield></datafield><datafield ind1=" " ind2=" " tag="336"><subfield code="b">txt</subfield><subfield code="2">rdacontent</subfield></datafield><datafield ind1=" " ind2=" " tag="337"><subfield code="b">n</subfield><subfield code="2">rdamedia</subfield></datafield><datafield ind1=" " ind2=" " tag="338"><subfield code="b">nc</subfield><subfield code="2">rdacarrier</subfield></datafield><datafield ind1="0" ind2=" " tag="490"><subfield code="a">Raisons d'agir</subfield></datafield><datafield ind1=" " ind2="7" tag="650"><subfield code="a">Économie domestique</subfield><subfield code="0">(IDREF)027498654</subfield><subfield code="2">idref</subfield></datafield><datafield ind1=" " ind2="7" tag="650"><subfield code="a">Égalité des sexes</subfield><subfield code="0">(IDREF)035268867</subfield><subfield code="2">idref</subfield></datafield><datafield ind1=" " ind2="7" tag="650"><subfield code="a">21e siècle (début)</subfield><subfield code="0">(RERO)A022437388</subfield><subfield code="2">rero</subfield></datafield><datafield ind1=" " ind2="7" tag="650"><subfield code="a">employée de maison</subfield><subfield code="0">(RERO)A009983989</subfield><subfield code="2">rerovoc</subfield></datafield><datafield ind1=" " ind2="7" tag="650"><subfield code="a">Personnel féminin d'entretien et de nettoyage</subfield><subfield code="0">(IDREF)17129176X</subfield><subfield code="2">idref</subfield></datafield><datafield ind1=" " ind2="7" tag="650"><subfield code="a">Sociologie</subfield><subfield code="0">(IDREF)049647490</subfield><subfield code="2">idref</subfield></datafield><datafield ind1=" " ind2="7" tag="650"><subfield code="a">Habitations</subfield><subfield code="x">Entretien journalier</subfield><subfield code="0">(IDREF)027353435</subfield><subfield code="2">idref</subfield></datafield><datafield ind1="1" ind2=" " tag="700"><subfield code="a">Rousseau, Sandrine</subfield><subfield code="d">1972-....</subfield><subfield code="0">(IDREF)060992050</subfield><subfield code="4">aut</subfield></datafield><datafield ind1=" " ind2=" " tag="900"><subfield code="a">REROnoselfmerge</subfield></datafield><datafield ind1=" " ind2=" " tag="903"><subfield code="a">RERO-SIGN</subfield><subfield code="5">BCUFR/20240110/yev</subfield></datafield></record>
</metadata></record>