<record><header><identifier>oai:alma.41SLSP_UGE:991000767979705502</identifier><datestamp>2023-05-23T00:13:39Z</datestamp><setSpec>uge_bcen_RapidILL_BOOK</setSpec><setSpec>uge_aaca_RapidILL_BOOK</setSpec><setSpec>uge_abels_RapidILL_BOOK</setSpec><setSpec>uge_dbu_RapidILL_BOOK</setSpec><setSpec>uge_cmu_RapidILL_BOOK</setSpec><setSpec>uge_mail_RapidILL_BOOK</setSpec><setSpec>uge_abbat_RapidILL_BOOK</setSpec><setSpec>UNIGE_ALL</setSpec><setSpec>uge_aobs_RapidILL_BOOK</setSpec><setSpec>uge_acar_RapidILL_BOOK</setSpec></header><metadata>
<record xmlns="http://www.loc.gov/MARC21/slim" xmlns:xsi="http://www.w3.org/2001/XMLSchema-instance" xsi:schemaLocation="http://www.loc.gov/MARC21/slim http://www.loc.gov/standards/marcxml/schema/MARC21slim.xsd"><leader>02614nam a2200637 c 4500</leader><controlfield tag="001">991000767979705502</controlfield><controlfield tag="005">20230516185656.0</controlfield><controlfield tag="008">201011s1967    fr ||||| |||| 00| ||fre d</controlfield><datafield ind1=" " ind2=" " tag="035"><subfield code="a">(swissbib)211771384-41slsp_network</subfield></datafield><datafield ind1=" " ind2=" " tag="035"><subfield code="a">211771384</subfield><subfield code="9">ExL</subfield></datafield><datafield ind1=" " ind2=" " tag="035"><subfield code="a">(RERO)0063241-41slsp</subfield></datafield><datafield ind1=" " ind2=" " tag="035"><subfield code="a">(NEBIS)008750989EBI01</subfield></datafield><datafield ind1=" " ind2=" " tag="035"><subfield code="a">(NEBIS)000952115EBI01</subfield></datafield><datafield ind1=" " ind2=" " tag="035"><subfield code="a">(IDSBB)004152423DSV01</subfield></datafield><datafield ind1=" " ind2=" " tag="035"><subfield code="a">(EXLNZ-41SLSP_NETWORK)991054521409705501</subfield></datafield><datafield ind1=" " ind2=" " tag="040"><subfield code="a">RERO</subfield><subfield code="d">CH-ZuSLS</subfield></datafield><datafield ind1=" " ind2="7" tag="072"><subfield code="a">ba</subfield><subfield code="2">rero</subfield></datafield><datafield ind1="1" ind2=" " tag="080"><subfield code="a">7.033</subfield></datafield><datafield ind1="0" ind2="4" tag="082"><subfield code="a">709.021</subfield><subfield code="2">22</subfield></datafield><datafield ind1="0" ind2="4" tag="082"><subfield code="a">709.015</subfield><subfield code="b">H863e</subfield></datafield><datafield ind1="0" ind2="4" tag="082"><subfield code="a">908</subfield></datafield><datafield ind1="0" ind2="4" tag="082"><subfield code="a">700</subfield></datafield><datafield ind1="1" ind2="4" tag="082"><subfield code="a">704.948</subfield></datafield><datafield ind1="1" ind2=" " tag="100"><subfield code="a">Hubert, Jean</subfield><subfield code="d">1902-1994</subfield><subfield code="0">(RERO)A003387475</subfield><subfield code="4">cre</subfield></datafield><datafield ind1="1" ind2="0" tag="245"><subfield code="a">&lt;&lt;L'&gt;&gt;Europe des invasions</subfield><subfield code="c">J. Hubert, J. Porcher, W.F. Volbach</subfield></datafield><datafield ind1=" " ind2="1" tag="264"><subfield code="a">[Paris]</subfield><subfield code="b">Gallimard</subfield><subfield code="c">1967</subfield></datafield><datafield ind1=" " ind2=" " tag="300"><subfield code="a">XIII, 389 p.</subfield><subfield code="b">ill., [6] f. dépl.</subfield><subfield code="c">28 cm</subfield></datafield><datafield ind1=" " ind2=" " tag="336"><subfield code="b">txt</subfield><subfield code="2">rdacontent</subfield></datafield><datafield ind1=" " ind2=" " tag="337"><subfield code="b">n</subfield><subfield code="2">rdamedia</subfield></datafield><datafield ind1=" " ind2=" " tag="338"><subfield code="b">nc</subfield><subfield code="2">rdacarrier</subfield></datafield><datafield ind1="1" ind2=" " tag="490"><subfield code="a">Le premier millénaire occidental : 200-1050</subfield><subfield code="v">[3]</subfield></datafield><datafield ind1="1" ind2=" " tag="490"><subfield code="a">L'univers des formes</subfield><subfield code="v">12</subfield></datafield><datafield ind1=" " ind2=" " tag="500"><subfield code="a">Noms complets des auteurs: Jean Hubert, Jean Porcher, Wolfgang Fritz Volbach</subfield></datafield><datafield ind1=" " ind2=" " tag="504"><subfield code="a">Bibliogr. : p. 331-350. Index</subfield></datafield><datafield ind1=" " ind2="7" tag="650"><subfield code="a">Art européen</subfield><subfield code="0">(IDREF)028244060</subfield><subfield code="2">idref</subfield></datafield><datafield ind1=" " ind2="0" tag="650"><subfield code="a">Art, Early Christian</subfield></datafield><datafield ind1=" " ind2="0" tag="650"><subfield code="a">Art, Medieval</subfield></datafield><datafield ind1=" " ind2="7" tag="650"><subfield code="a">FRÜHCHRISTLICHE KUNST</subfield><subfield code="9">ger</subfield><subfield code="0">(ETHUDK)000035266</subfield><subfield code="2">ethudk</subfield></datafield><datafield ind1=" " ind2="7" tag="650"><subfield code="a">GEBIETE DER SOGENANNTEN BARBARENVÖLKER (ORTE DES ALTERTUMS)</subfield><subfield code="9">ger</subfield><subfield code="0">(ETHUDK)000001523</subfield><subfield code="2">ethudk</subfield></datafield><datafield ind1=" " ind2="7" tag="650"><subfield code="a">KULTURGESCHICHTE DES MITTELALTERS</subfield><subfield code="9">ger</subfield><subfield code="0">(ETHUDK)000044964</subfield><subfield code="2">ethudk</subfield></datafield><datafield ind1=" " ind2="7" tag="650"><subfield code="a">MITTELALTERLICHE KUNST</subfield><subfield code="9">ger</subfield><subfield code="0">(ETHUDK)000035265</subfield><subfield code="2">ethudk</subfield></datafield><datafield ind1=" " ind2="7" tag="650"><subfield code="a">RELIGIÖSE KUNST</subfield><subfield code="9">ger</subfield><subfield code="0">(ETHUDK)000035323</subfield><subfield code="2">ethudk</subfield></datafield><datafield ind1=" " ind2="0" tag="651"><subfield code="a">Rome</subfield><subfield code="x">History</subfield><subfield code="y">Germanic Invasions, 3rd-6th centuries</subfield></datafield><datafield ind1=" " ind2=" " tag="690"><subfield code="a">Kunst : Mittelalter</subfield><subfield code="2">uzb-UL</subfield></datafield><datafield ind1=" " ind2=" " tag="690"><subfield code="a">Völkerwanderung</subfield><subfield code="2">uzb-US</subfield></datafield><datafield ind1=" " ind2=" " tag="690"><subfield code="a">Völkerwanderungskunst</subfield><subfield code="2">ubs-A5</subfield></datafield><datafield ind1=" " ind2="7" tag="651"><subfield code="a">Rome</subfield><subfield code="y">3e-6e siècle (Grandes invasions)</subfield><subfield code="0">(IDREF)027331059</subfield><subfield code="2">idref</subfield></datafield><datafield ind1="1" ind2=" " tag="700"><subfield code="a">Porcher, Jean</subfield><subfield code="d">1892-1966</subfield><subfield code="0">(DE-588)138924295</subfield><subfield code="6">880-02</subfield></datafield><datafield ind1="1" ind2=" " tag="880"><subfield code="6">700-02</subfield><subfield code="a">Porcher, Jean</subfield><subfield code="d">1892-1966</subfield><subfield code="0">(IDREF)03162930X</subfield></datafield><datafield ind1="1" ind2=" " tag="700"><subfield code="6">880-03</subfield><subfield code="a">Volbach, Wolfgang Fritz</subfield><subfield code="d">1892-1988</subfield><subfield code="0">(IDREF)031629326</subfield></datafield><datafield ind1="1" ind2=" " tag="880"><subfield code="a">Volbach, Wolfgang Fritz</subfield><subfield code="0">(DE-588)16008461X</subfield><subfield code="6">700-03</subfield></datafield><datafield ind1=" " ind2="0" tag="830"><subfield code="a">&lt;&lt;Le&gt;&gt; premier millénaire occidental</subfield><subfield code="v">[3]</subfield><subfield code="w">(RERO)0665425-41slsp</subfield></datafield><datafield ind1=" " ind2="0" tag="830"><subfield code="a">&lt;&lt;L'&gt;&gt;univers des formes</subfield><subfield code="v">12</subfield><subfield code="w">(NEBIS)000616440EBI01</subfield></datafield><datafield ind1=" " ind2="0" tag="830"><subfield code="a">&lt;&lt;L'&gt;&gt;univers des formes</subfield><subfield code="v">12</subfield><subfield code="w">(IDSBB)001596707DSV01</subfield></datafield><datafield ind1=" " ind2="0" tag="830"><subfield code="a">&lt;&lt;L'&gt;&gt;univers des formes</subfield><subfield code="v">12</subfield><subfield code="w">(NEBIS)008693088EBI01</subfield></datafield><datafield ind1=" " ind2=" " tag="900"><subfield code="f">IDSU2medea</subfield></datafield><datafield ind1=" " ind2=" " tag="900"><subfield code="a">IDSZRMedeaZBZ</subfield><subfield code="b">IDSZRSWK</subfield></datafield><datafield ind1=" " ind2=" " tag="993"><subfield code="a">BFLB 196/12</subfield><subfield code="x">ge/ulha/a/83/0334</subfield><subfield code="9">LOCAL</subfield></datafield></record>
</metadata></record>