<record><header><identifier>oai:alma.41SLSP_UGE:991000768329705502</identifier><datestamp>2023-03-01T01:10:08Z</datestamp><setSpec>uge_bcen_RapidILL_BOOK</setSpec><setSpec>uge_aaca_RapidILL_BOOK</setSpec><setSpec>uge_abels_RapidILL_BOOK</setSpec><setSpec>uge_dbu_RapidILL_BOOK</setSpec><setSpec>uge_cmu_RapidILL_BOOK</setSpec><setSpec>uge_mail_RapidILL_BOOK</setSpec><setSpec>UNIGE_ALL</setSpec><setSpec>uge_abbat_RapidILL_BOOK</setSpec><setSpec>uge_aobs_RapidILL_BOOK</setSpec><setSpec>uge_acar_RapidILL_BOOK</setSpec></header><metadata>
<record xmlns="http://www.loc.gov/MARC21/slim" xmlns:xsi="http://www.w3.org/2001/XMLSchema-instance" xsi:schemaLocation="http://www.loc.gov/MARC21/slim http://www.loc.gov/standards/marcxml/schema/MARC21slim.xsd"><leader>02959nam a2200373 c 4500</leader><controlfield tag="001">991000768329705502</controlfield><controlfield tag="005">20201126051704.0</controlfield><controlfield tag="008">080923m20079999ru ||||| |||| 00| ||rus d</controlfield><datafield ind1=" " ind2=" " tag="020"><subfield code="a">9785983790766</subfield><subfield code="q">Vyp.1</subfield></datafield><datafield ind1=" " ind2=" " tag="020"><subfield code="a">9785983791077</subfield><subfield code="q">Vyp.2</subfield></datafield><datafield ind1=" " ind2=" " tag="035"><subfield code="a">(swissbib)107158779-41slsp_network</subfield></datafield><datafield ind1=" " ind2=" " tag="035"><subfield code="a">107158779</subfield><subfield code="9">ExL</subfield></datafield><datafield ind1=" " ind2=" " tag="035"><subfield code="a">(RERO)R004772320-41slsp</subfield></datafield><datafield ind1=" " ind2=" " tag="035"><subfield code="a">(EXLNZ-41SLSP_NETWORK)991072094459705501</subfield></datafield><datafield ind1=" " ind2=" " tag="040"><subfield code="a">RERO geulru</subfield><subfield code="d">CH-ZuSLS</subfield></datafield><datafield ind1=" " ind2="7" tag="072"><subfield code="a">ru</subfield><subfield code="2">rero</subfield></datafield><datafield ind1="1" ind2=" " tag="100"><subfield code="6">880-01</subfield><subfield code="a">Pouchkine, Alexandre Sergueïevitch</subfield><subfield code="d">1799-1837</subfield><subfield code="0">(IDREF)028188012</subfield><subfield code="4">cre</subfield></datafield><datafield ind1="1" ind2=" " tag="880"><subfield code="6">100-01/(N</subfield><subfield code="a">Пушкин, Александр Сергеевич</subfield><subfield code="d">1799-1837</subfield></datafield><datafield ind1="1" ind2="0" tag="245"><subfield code="6">880-02</subfield><subfield code="a">Sochinenii︠a︡</subfield><subfield code="c">A.S. Pushkin ; kommentirovannoe izdanie pod obshcheĭ redakt︠s︡ieĭ Dėvida M. Betea</subfield></datafield><datafield ind1="1" ind2="0" tag="880"><subfield code="6">245-02/(N</subfield><subfield code="a">Сочинения</subfield><subfield code="c">А.С. Пушкин ; комментированное издание под общей редакцией Дэвида М. Бетеа</subfield></datafield><datafield ind1="1" ind2=" " tag="246"><subfield code="a">Sočinenija / A.S. Puškin ; kommentirovannoe izdanie pod obščej redakcej Dėvida M. Betea</subfield></datafield><datafield ind1=" " ind2="1" tag="264"><subfield code="6">880-03</subfield><subfield code="a">Moskva</subfield><subfield code="b">Novoe izdatelʹstvo</subfield><subfield code="c">2007-</subfield></datafield><datafield ind1=" " ind2="1" tag="880"><subfield code="6">264-03/(N</subfield><subfield code="a">Москва</subfield><subfield code="b">Новое издательство</subfield><subfield code="c">2007-</subfield></datafield><datafield ind1=" " ind2=" " tag="300"><subfield code="a">Vol. 1-</subfield></datafield><datafield ind1=" " ind2=" " tag="336"><subfield code="b">txt</subfield><subfield code="2">rdacontent</subfield></datafield><datafield ind1=" " ind2=" " tag="337"><subfield code="b">n</subfield><subfield code="2">rdamedia</subfield></datafield><datafield ind1=" " ind2=" " tag="338"><subfield code="b">nc</subfield><subfield code="2">rdacarrier</subfield></datafield><datafield ind1="0" ind2=" " tag="505"><subfield code="6">880-04</subfield><subfield code="a">Vyp. 1, č. 1: Poėmy i povesti</subfield></datafield><datafield ind1="0" ind2=" " tag="880"><subfield code="6">505-04/(N</subfield><subfield code="a">Вып. 1, ч. 1: Поэмы и повести</subfield></datafield><datafield ind1="0" ind2=" " tag="505"><subfield code="6">880-05</subfield><subfield code="a">Vyp. 2: Boris Godunov</subfield></datafield><datafield ind1="0" ind2=" " tag="880"><subfield code="6">505-05/(N</subfield><subfield code="a">Вып. 2: Борис Годунов</subfield></datafield><datafield ind1="0" ind2=" " tag="505"><subfield code="6">880-06</subfield><subfield code="a">Vyp. 3: Stikhotvorenii︠a︡ iz &quot;severnykh t︠s︡vetov&quot; 1832 goda</subfield></datafield><datafield ind1="0" ind2=" " tag="880"><subfield code="6">505-06/(N</subfield><subfield code="a">Вып. 3: Стихотворения из &quot;северных цветов&quot; 1832 года</subfield></datafield><datafield ind1="1" ind2=" " tag="700"><subfield code="a">Bethea, David M.</subfield><subfield code="d">1948-....</subfield><subfield code="0">(IDREF)02853865X</subfield></datafield><datafield ind1=" " ind2=" " tag="900"><subfield code="a">REROnoselfmerge</subfield></datafield></record>
</metadata></record>