<record><header><identifier>oai:alma.41SLSP_UGE:991000768119705502</identifier><datestamp>2023-03-01T01:10:08Z</datestamp><setSpec>uge_bcen_RapidILL_BOOK</setSpec><setSpec>uge_aaca_RapidILL_BOOK</setSpec><setSpec>uge_abels_RapidILL_BOOK</setSpec><setSpec>uge_dbu_RapidILL_BOOK</setSpec><setSpec>uge_cmu_RapidILL_BOOK</setSpec><setSpec>uge_mail_RapidILL_BOOK</setSpec><setSpec>UNIGE_ALL</setSpec><setSpec>uge_abbat_RapidILL_BOOK</setSpec><setSpec>uge_aobs_RapidILL_BOOK</setSpec><setSpec>uge_acar_RapidILL_BOOK</setSpec></header><metadata>
<record xmlns="http://www.loc.gov/MARC21/slim" xmlns:xsi="http://www.w3.org/2001/XMLSchema-instance" xsi:schemaLocation="http://www.loc.gov/MARC21/slim http://www.loc.gov/standards/marcxml/schema/MARC21slim.xsd"><leader>01011nam a2200301 c 4500</leader><controlfield tag="001">991000768119705502</controlfield><controlfield tag="005">20201231113243.0</controlfield><controlfield tag="008">201011s1995    yu ||||| |||| 00| ||eng d</controlfield><datafield ind1=" " ind2=" " tag="020"><subfield code="a">8680593176</subfield></datafield><datafield ind1=" " ind2=" " tag="035"><subfield code="a">(swissbib)231832435-41slsp_network</subfield></datafield><datafield ind1=" " ind2=" " tag="035"><subfield code="a">231832435</subfield><subfield code="9">ExL</subfield></datafield><datafield ind1=" " ind2=" " tag="035"><subfield code="a">(RERO)2089318-41slsp</subfield></datafield><datafield ind1=" " ind2=" " tag="035"><subfield code="a">(NEBIS)001624370EBI01</subfield></datafield><datafield ind1=" " ind2=" " tag="035"><subfield code="a">(EXLNZ-41SLSP_NETWORK)991040915239705501</subfield></datafield><datafield ind1=" " ind2=" " tag="040"><subfield code="a">RERO geussm</subfield><subfield code="d">CH-ZuSLS</subfield></datafield><datafield ind1=" " ind2="7" tag="072"><subfield code="a">ma</subfield><subfield code="2">rero</subfield></datafield><datafield ind1=" " ind2=" " tag="084"><subfield code="a">50</subfield><subfield code="2">msc</subfield></datafield><datafield ind1="1" ind2=" " tag="100"><subfield code="a">Jablan, Slavik Vlado</subfield><subfield code="0">(IDREF)071350624</subfield><subfield code="4">cre</subfield></datafield><datafield ind1="1" ind2="0" tag="245"><subfield code="a">Theory of symmetry and ornament</subfield><subfield code="c">Slavik V. Jablan</subfield></datafield><datafield ind1=" " ind2="1" tag="264"><subfield code="a">Beograd</subfield><subfield code="b">Matematički institut</subfield><subfield code="c">1995</subfield></datafield><datafield ind1=" " ind2=" " tag="300"><subfield code="a">331 S.</subfield><subfield code="c">24 cm</subfield><subfield code="b">Ill.</subfield></datafield><datafield ind1=" " ind2=" " tag="336"><subfield code="b">txt</subfield><subfield code="2">rdacontent</subfield></datafield><datafield ind1=" " ind2=" " tag="337"><subfield code="b">n</subfield><subfield code="2">rdamedia</subfield></datafield><datafield ind1=" " ind2=" " tag="338"><subfield code="b">nc</subfield><subfield code="2">rdacarrier</subfield></datafield><datafield ind1="1" ind2=" " tag="490"><subfield code="a">Posebna izdanija / Matematički institut</subfield><subfield code="v">knj. 17</subfield></datafield><datafield ind1="1" ind2=" " tag="700"><subfield code="a">Jablan, Slavik V.</subfield></datafield><datafield ind1=" " ind2=" " tag="830"><subfield code="a">Posebna izdanja</subfield><subfield code="v">17</subfield><subfield code="w">(NEBIS)001624353EBI01</subfield></datafield><datafield ind1=" " ind2=" " tag="830"><subfield code="a">Editions spéciales de l'Institut mathématiques de Beograd</subfield><subfield code="v">17</subfield><subfield code="w">(RERO)1995106-41slsp</subfield></datafield><datafield ind1=" " ind2=" " tag="900"><subfield code="a">REROnoselfmerge</subfield></datafield></record>
</metadata></record><resumptionToken>1900-01-01@all@UNIGE_ALL@marc21@5986564510005502</resumptionToken></ListRecords></OAI-PMH>